2870 4626
292 357 333 418 70

290 495 515 578 interpolatum
545 498 627 557 es'se.
681 488 789 573 Nolim
812 501 913 554 autem
935 494 1044 554 eorum
1064 490 1204 573 opinioni
1227 512 1283 555 ac·

292 601 421 674 cedere,
448 597 514 681 ‘qui
545 607 646 661 totum
677 596 857 683 Phaedrum
889 592 967 656 mire
993 592 1214 676 interpolatum
1239 596 1297 657 ad‘
1407 656 1408 663 ,

291 722 350 763 nos
382 698 565 781 pervenisse
595 697 810 787 arbitrantur.
854 698 933 760 Sunt
960 695 1042 759 enim
1067 696 1159 759 etiam
1197 717 1283 759 nunc

194 846 198 857 ·
290 804 436 865 homines
456 801 598 865 nonnulli
621 801 662 863 ita
692 784 732 863 ali
756 797 842 863 omni
864 797 1045 862 Latinitatis
1073 798 1200 862 scientia
1225 802 1284 862 de·
1381 855 1383 861 .
1408 812 1409 873 l

291 903 411 979 stituti',
436 916 470 966 ut
492 902 615 966 minime
633 893 808 985 intelligant
831 902 912 962 hanc
933 901 1016 962 haud
1035 900 1124 963 nimis
1148 901 1285 964 admira·

290 1006 383 1068 bilem
416 1018 448 1068 et
478 1006 554 1068 artis
590 1003 738 1086 poc'ticae
767 1003 948 1066 facultatem
981 1014 1014 1065 ct
1037 1004 1191 1066 sermonis
1218 1001 1286 1067 non
1408 1080 1409 1083 Ἴ

222 1186 228 1201 ι
293 1130 417 1189 semper
445 1106 519 1188 puri
551 1102 806 1169 consuetudinem
834 1124 968 1185 prorsus
994 1106 1104 1168 eadere
1125 1105 1156 1167 in
1180 1106 1286 1169 Grae·
1382 1135 1388 1143 ¹

292 1211 396 1273 culum
418 1209 582 1282 libertum,
608 1207 661 1290 qni
683 1205 816 1268 Tiberio
834 1205 1025 1287 imperatore
1043 1205 1182 1311 vixerit-z
1204 1229 1284 1270 neu·
1326 1240 1331 1244 ·

291 1313 408 1396 tiquam
429 1331 508 1372 vero
526 1310 557 1371 in
575 1307 786 1391 posteriorem
810 1319 963 1383 aetatem,
982 1310 1091 1371 saltem
1106 1320 1181 1391 post
1197 1312 1283 1373 Tra·
1346 1370 1348 1377 ,
1409 1314 1410 1321 ’

290 1414 409 1477 ianum.
452 1409 605 1495 Equidem
632 1411 658 1474 si
687 1412 739 1474 vel
764 1412 871 1492 paullo
894 1432 912 1473 a
939 1412 1088 1475 Phaedro
1118 1412 1284 1475 Phaedrus

251 1553 254 1565 ·
289 1527 400 1579 noster
418 1515 631 1596 discreparet,
661 1513 694 1575 in
719 1513 907 1578 aliaomnia
927 1512 1020 1576 irem.
1061 1514 1281 1593 Nunc-vero,

292 1608 436 1682 omnihus
459 1618 605 1679 accurate
623 1616 801 1698 pensitatis,
830 1616 909 1680 haec
929 1638 995 1679 mea
1022 1615 1132 1698 opinio
1157 1609 1222 1694 est,
1248 1629 1284 1680 ut
1337 1634 1341 1641 '

195 1736 199 1747 ‘
255 1794 260 1800 ι
291 1720 324 1783 in
344 1719 393 1780 his
421 1718 536 1781 sabulis
559 1720 739 1783 Phaedrum
762 1719 880 1800 ipsum,
918 1719 984 1800 sive
1005 1721 1177 1796 Thracem,
1214 1720 1285 1782 sive

290 1823 522 1897 Macedonem,
546 1820 687 1906 Augusti
701 1821 865 1896 libertum,
889 1820 995 1902 potius
1010 1840 1178 1905 agnoscam
1191 1845 1286 1907 quam

291 1925 387 1997 ullum
410 1924 584 2011 falsarium.
627 1925 753 1987 Paucae
769 1935 869 1986 autem
892 1923 1170 2004 interpolationes,
1192 1925 1286 2013 saell·

290 2027 365 2089 lime
387 2022 626 2111 agnoscendae,
655 2044 734 2110 quas
752 2028 901 2089 habemus
923 2025 957 2088 in
978 2025 1060 2091 Cod.
1084 2027 1178 2090 Rem.
1197 2026 1285 2096 Pith.
1395 2109 1399 2115 ἡ

291 2140 323 2192 et
337 2128 444 2203 Dan,
465 2141 629 2192 versantur
642 2127 837 2225 potissimum
852 2127 883 2190 in
901 2128 1105 2210 promythiis:
1126 2131 1187 2193 cfr.
1203 2129 1283 2193 Lib.

290 2233 360 2309 IV,
385 2232 437 2305 71,
462 2233 512 2306 1.;
535 2252 596 2293 una
618 2241 718 2295 autem
736 2231 824 2294 Pith.
846 2230 880 2292 in
900 2253 1039 2314 corpore
1053 2231 1124 2314 ipso
1145 2232 1283 2299 fabellae

289 2335 367 2397 Lib.
390 2333 462 2408 lv,
493 2334 550 2411 73,
574 2333 607 2395 7.
627 2354 761 2415 prorsus
784 2329 922 2424 ἄμετρος
949 2345 1069 2397 mature
1097 2334 1196 2398 eiecta
1219 2345 1283 2419 est.
1315 2336 1337 2428 'y

290 2435 442 2499 Similiter
470 2436 595 2519 glossae
618 2457 676 2517 per
701 2434 736 2497 s‘e
763 2435 850 2516 ipsae
878 2456 946 2498 sese
977 2436 1182 2518 prodiderunt
1202 2439 1281 2500 Lib.
1359 2493 1363 2499 .

288 2538 324 2615 I,
343 2540 400 2614 15,
418 2537 597 2613 4.Lib.I,
615 2538 673 2614 77,
692 2539 723 2600 7.
747 2537 950 2614 Ι.ἰ1).Ι,75,
969 2539 1003 2602 la
1022 2538 1222 2620 Lih.I,28,
1248 2541 1281 2605 1.

176 2707 178 2712 ,
291 2639 369 2702 Lib.
386 2640 453 2703 ΙΙΙ.
467 2634 606 2724 Prolog.
619 2661 652 2704 v.
664 2640 716 2703 51.
733 2639 809 2703 Lib.
821 2641 875 2704 ΙΙΙ
884 2684 894 2717 ,
909 2641 947 2703 17
950 2683 960 2716 ,
974 2643 1005 2704 1.
1018 2641 1095 2704 Lib.
1108 2642 1179 2718 lv,
1192 2643 1231 2720 9,
1249 2644 1281 2705 1.

353 2742 419 2805 IV.
442 2741 493 2804 De
516 2740 785 2806 Codice-Nicolai
807 2742 951 2821 Perotti,
976 2766 1071 2827 quum
1094 2736 1196 2808 omnia
1218 2745 1281 2808 iam

288 2844 478 2929 pervulgata
491 2843 587 2924 sint,
617 2845 695 2907 haec
722 2845 906 2911 sufficiant:
943 2845 1082 2910 continet
1106 2847 1132 2910 is
1153 2860 1282 2929 praeter

289 2967 410 3030 paucos
427 2966 535 3009 versus
550 2968 568 3010 e
583 2946 737 3031 Prologis
751 2947 891 3013 Phaedri
910 2948 988 3010 Lib'.
1004 2949 1069 3011 III.
1083 2961 1113 3011 et
1123 2951 1188 3013 IV.
1212 2952 1279 3015 Pe·
1399 2974 1402 2981 ’

288 3049 368 3114 rotti
385 3048 533 3132 Prologo
557 3048 665 3111 furtim
686 3040 984 3114 insertos'Phaedri
1004 3050 1144 3127 fabulas,
1157 3054 1282 3141 ⁸decur-

168 3220 171 3225 ,
288 3162 368 3215 tatas
403 3162 507 3215 tamen
541 3149 713 3234 prooemiis
747 3160 845 3236 'atque
874 3150 1081 3234 epimythiis,
1125 3154 1277 3219 XXXII.

325 3253 355 3268 ''
396 3264 430 3317 t:

289 3255 446 3419 sellXibri
465 3359 511 3422 Π.
536 3359 641 3420 Fabb.
664 3357 696 3420 6.
721 3358 752 3420 7.
772 3358 805 3421 8.
849 3358 976 3422 Partem
991 3355 1124 3445 Epilogi
1137 3359 1213 3429 Lib.
1230 3360 1278 3422 ΙΙ.

289 3457 385 3521 Libri
405 3460 471 3522 Ill.
495 3459 599 3523 Fabb.
623 3461 654 3525 1.
678 3460 711 3523 7.
735 3461 766 3523 3.
796 3463 829 3523 1.
852 3462 883 3525 5.
908 3461 940 3524 6.
965 3462 996 3524 7.
1019 3462 1051 3525 8.
1076 3464 1128 3525 10.
1152 3461 1281 3525 11.’17.

233 3568 238 3574 ’
291 3561 420 3623 1311.
446 3561 728 3625 15.16.17.18.
754 3564 805 3626 19.
835 3563 928 3626 Libri
950 3566 1012 3629 IV.
1034 3565 1139 3627 Fabb.
1160 3565 1213 3628 19.
1229 3565 1282 3626 70.
1319 3570 1322 3579 '

290 3663 344 3725 71.
368 3663 422 3726 73.
446 3664 499 3725 71.
550 3662 644 3725 Libri
665 3665 711 3727 V.
735 3666 839 3728 Fabb.
865 3668 896 3726 1.
919 3665 951 3727 7.
974 3666 1007 3728 3.
1031 3667 1062 3728 1.
1086 3668 1139 3730 5.’

353 3764 476 3829 Merito
498 3765 571 3827 hinc
593 3764 770 3850 colligimus
787 3768 952 3831 Perottum
971 3788 1060 3837 usum
1082 3789 1150 3831 esse
1166 3767 1284 3833 Codice
1353 3746 1359 3759 ¹

291 3866 428 3954 Phaedri
463 3869 628 3931 admodum
659 3867 785 3942 mutilo;
818 3868 901 3935 nulla
919 3869 999 3933 enim
1026 3870 1085 3933 alia
1110 3871 1194 3935 ratio
1226 3892 1282 3933 ex-

292 3970 428 4056 cogitari
447 3980 572 4054 potest,
598 3991 654 4033 cur
677 3971 863 4035 abstinuerit
888 3969 909 4036 a
927 3983 997 4037 toto
1017 3973 1100 4037 libro
1117 3972 1221 4065 primo
1246 3992 1282 4034 ac
