2834 4630
1025 312 1028 321 '
1114 318 1175 384 233

179 474 187 490 ·
218 460 302 526 Cras
322 470 422 539 umet,
460 458 516 547 qui
543 480 701 545 nunquam
724 460 860 538 amanit3
897 461 1015 547 quique
1038 457 1174 536 amavit,

800 567 874 627 'cras
897 576 991 628 amet.
1134 563 1176 624 80
1237 600 1240 601 ν

170 671 258 734 Eece
279 668 339 731 ism
362 688 457 751 super
478 679 624 754 genestae
647 667 805 750 explicant
826 668 910 730 tauri
930 668 1032 731 latus:

170 772 315 853 Quisque
337 784 442 849 tutus,
467 794 532 856 quo
554 784 701 847 tenetur,
725 771 885 855 coniugali
906 771 1053 835 foedere.

173 878 293 938 Subtec
316 879 444 939 unnbnns
467 898 537 938 cum
559 873 682 938 maritis
703 896 775 941 ecce
799 875 958 937 balantum
981 896 1120 959 gregesz

170 980 215 1042 Et
237 1000 371 1048 canonas
394 999 458 1059 non
478 990 586 1051 tacere
608 976 692 1041 Diva
714 977 805 1041 iussit
826 978 928 1041 alites.

170 1083 240 1146 lam
263 1082 415 1167 loquaces
437 1102 496 1145 one
517 1102 616 1145 rauco
638 1091 750 1164 stagna
772 1079 870 1164 cygni
889 1091 1109 1162 perstrepunt.
1133 1081 1174 1145 85

172 1182 315 1249 Assonnt
338 1183 437 1259 Terei
457 1185 562 1267 puelle
584 1184 695 1246 subter
717 1186 858 1245 umbram
879 1183 1009 1266 populi,

171 1289 217 1351 Ut
235 1299 331 1369 putes
353 1300 466 1352 motus
482 1288 598 1352 amoris
621 1308 679 1350 ore
702 1285 763 1349 diei
785 1288 906 1352 mimico

171 1392 216 1454 Et
236 1412 336 1487 neges
358 1390 449 1474 queri
471 1411 617 1483 sonorem
639 1393 677 1454 de
700 1390 814 1455 marito
837 1394 991 1483 banbnro.

171 1474 232 1558 llla
255 1505 377 1559 cantat:
401 1516 461 1559 nos
483 1474 636 1558 tacemus.
682 1495 819 1576 Quando
841 1516 900 1558 vec
921 1495 1007 1558 venit
1028 1494 1153 1559 meum?

171 1596 309 1678 Quando
332 1597 445 1661 faciam
467 1598 515 1661 uti
536 1595 713 1674 Chelidon,
737 1610 772 1661 ut
793 1608 900 1662 tacere
923 1598 1089 1662 desinam?
1132 1601 1174 1664 90

170 1685 301 1766 Perdidi
323 1701 451 1767 Musam
472 1704 627 1777 tacendo,
657 1721 716 1764 uec
739 1723 788 1794 uie
810 1703 963 1767 Phoebus
984 1704 1130 1786 respicit.

170 1805 224 1869 Sic
245 1806 414 1885 Amyclas,
439 1826 572 1893 quum
555 1815 718 1883 tacerent,
743 1796 881 1891 perdidit
903 1807 1072 1889 silentium.

145 1949 149 1952 >
172 1969 177 1974 .
210 1906 422 1995 Crasvnmet,
460 1905 520 1994 qui
540 1913 699 1993 nunquam
721 1909 872 1986 amavit3-
897 1915 1015 1996 quique
1037 1897 1172 1991 amauit,

799 2035 871 2079 eras
894 2028 989 2080 amet.

212 2214 265 2263 78
283 2214 316 2262 H
316 2219 357 2261 ιιιο
372 2231 451 2289 ager,
471 2231 545 2278 quum
559 2217 704 2276 persumet
723 2218 796 2274 ipsc,
815 2232 838 2267 ι.
860 2232 883 2265 ι.
907 2219 947 2264 W
984 2216 1027 2267 8l.
1055 2219 1171 2326 genistas

169 2289 213 2333 W.
229 2278 263 2333 S!
293 2284 335 2334 83.
354 2281 506 2350 giegceuS.
545 2285 587 2334 90.
607 2292 634 2332 ut
653 2283 821 2332 Chelidonw
