2864 4622
242 311 303 373 118

241 420 397 515 Modesto
422 471 535 534 gressu
557 460 664 513 sancta
685 446 814 511 incessit
836 446 989 519 Veritas3

241 557 287 619 At
309 565 423 616 trunca
444 552 567 635 species
588 551 689 616 haesit
710 551 742 612 in
766 550 917 641 vestigio.

176 668 180 675 ‘
242 661 336 721 Tunc
356 657 437 719 falsa
459 656 567 740 imago
591 668 685 740 atque
708 653 815 737 operis
837 651 951 733 furtivi
972 652 1066 714 labor

242 761 446 824 Mendacium
470 760 663 841 appellatum
686 770 752 834 est,
777 759 866 840 quod
887 777 926 817 ne
941 794 1123 819 ........

242 864 347 927 Pedes
369 865 488 925 habere
509 863 642 926 f...'le
664 862 732 943 ipse
755 881 888 923 c..1s,.
912 881 932 921 n

664 1061 764 1123 [run.
782 1061 832 1122 v.]
858 1044 865 1055 '

608 1195 640 1257 A
657 1195 688 1258 U
704 1192 732 1258 C
752 1195 781 1254 T
799 1193 828 1258 0
846 1193 890 1254 R.

555 1335 657 1413 Nihil
676 1335 738 1397 diu
759 1335 942 1397 occultum.

277 1520 279 1525 ,
309 1459 458 1521 Simulata
480 1457 638 1520 interdum
660 1456 736 1519 vitia
758 1467 894 1539 prosunt
915 1451 1116 1528 hominibus,

245 1563 474 1653 Sed'tempore
495 1560 568 1643 ipso
591 1573 694 1623 tamen
717 1569 851 1642 apparet
873 1556 1003 1619 veritas.

837 1722 841 1729 s

656 1761 755 1822 [111.
778 1759 840 1821 vu]

612 1913 889 1979 AUCTOR.

358 2058 519 2129 nemum
537 2054 791 2117 aestimandum
808 2077 900 2129 esse,
924 2073 993 2116 non
1011 2051 1126 2114 verba.

308 2176 423 2252 Ixion,
449 2177 502 2260 qui
524 2177 646 2238 versari
670 2222 679 2239 .
704 2184 787 2239 a'ctat
805 2222 814 2239 .
896 2198 915 2240 ο
941 2219 978 2239 ..

245 2278 433 2345 Volubilem
457 2268 605 2343 Fortuna
625 2280 736 2342 iactari
760 2283 866 2343 docet.

244 2385 410 2449 Adversus
433 2387 514 2446 altos
537 2383 693 2464 Sisyphus
717 2396 839 2446 montes
862 2406 929 2467 ag.
948 2379 987 2445 .’.

248 2491 366 2551 Saxum
389 2488 500 2550 labore
523 2508 665 2562 summo,
690 2490 778 2571 quod
799 2490 837 2550 de
860 2487 999 2560 vertice,

248 2593 372 2654 Sudore
395 2610 520 2670 semper
541 2588 658 2664 irrito,
679 2589 880 2679 revolvitur,

249 2693 398 2757 Ostendit
419 2691 581 2755 hominum
604 2692 670 2754 sine
693 2693 756 2756 fine
779 2691 967 2767 †miserias.

249 2790 345 2876 Quod
368 2809 452 2857 stans
474 2794 506 2856 in
529 2816 620 2882 amne
643 2797 796 2858 'l'antalds
820 2797 922 2861 medio
945 2795 1000 2858 si.
1019 2840 1028 2858 .
1047 2841 1076 2872 .,

248 2898 352 2962 Avari
374 2897 616 2971 describuntur,
641 2890 945 2983 quoscircumfliiit
1025 2912 1027 2915 ’

248 3004 334 3067 Usus
356 3004 533 3077 bonorum,
557 3004 613 3064 sed
626 3001 679 3064 nit
700 3015 834 3086 possunt
856 3012 1000 3085 tangere.

248 3105 346 3170 Urnis
368 3106 517 3168 scelestas
539 3105 700 3169 Danaides
722 3116 856 3188 portant
876 3126 993 3189 aquas,

1216 3107 1256 3166 10

248 3291 302 3346 ipae
322 3288 351 3333 td
367 3291 515 3335 consentio:
533 3290 592 3335 haec
619 3295 742 3345 postrema
769 3291 831 3333 inter
859 3291 906 3332 alia
928 3291 1055 3344 proposuit
1071 3290 1142 3333 etiarn
1161 3289 1255 3332 lanne!-

248 3362 302 3404 tius.
340 3360 425 3403 Malim
448 3366 544 3405 tamen:
571 3360 728 3405 'consentirem
776 3361 864 3403 Ultima
891 3360 948 3404 haec
973 3363 1051 3404 minus
1070 3360 1114 3403 tibi
1129 3358 1253 3417 ‘languere

247 3430 403 3484 videbuntur,
426 3430 463 3473 ubi
482 3429 621 3474 memineris
640 3443 778 3484 perversum
796 3432 864 3474 illum
879 3431 1092 3482 Perottirnorem,
1113 3443 1159 3486 quo
1175 3429 1256 3473 nescio

249 3514 320 3557 quam
338 3505 437 3554 propter
455 3500 647 3554 demutationem,
668 3502 807 3555 ueletiam,
828 3506 853 3543 ut
871 3502 936 3544 omni
956 3514 1055 3555 prorsus
1076 3500 1173 3543 fastidio
1194 3499 1256 3547 Pu·-

219 3616 225 3623 *
250 3571 320 3612 rhum
339 3574 450 3623 uepoteru
464 3571 593 3623 liberaret,
614 3571 674 3614 hand
687 3585 744 3615 raro
763 3585 814 3614 cum
825 3572 893 3628 gravi
911 3572 1082 3614 sententiarum
1098 3569 1257 3621 detrimento,

250 3639 379 3694 epimythia
400 3641 526 3683 truncavit.
564 3640 615 3682 Hoc
632 3642 705 3698 igitur
722 3643 789 3694 loco,
811 3643 845 3684 uti
864 3643 936 3694 scite,
957 3642 1065 3697 quamvis
1087 3639 1255 3690 subobscure,

249 3706 392 3764 significavit
411 3709 558 3762 lauuettius,
586 3709 643 3753 haec
667 3711 718 3770 fere
740 3713 927 3755 interciderunt:
957 3707 1051 3768 ,focile
1075 3723 1129 3767 epse
1148 3707 1176 3751 td
1199 3721 1257 3751 con·

249 3851 344 3894 demum
361 3849 486 3892 Phaedrus
504 3850 556 3903 ipse
575 3850 655 3894 verbis
676 3864 732 3894 usus
751 3857 796 3894 est.

161 3780 166 3787 '
199 3776 200 3781 ’
248 3781 363 3823 senties:
388 3778 478 3823 Nama
502 3777 593 3822 'nenda
612 3779 739 3829 mendacii
755 3775 898 3825 vocabulum
917 3781 1048 3837 ducitur;’'
1077 3781 1257 3838 quibuscunque

301 3920 361 3963 Fan.
381 3921 413 3963 V.
446 3942 474 3951 ·-
499 3919 549 3981 ttos
568 3920 628 3962 duos
647 3935 685 3965 vv.
704 3935 758 3964 cnm
777 3921 888 3977 praeced.
908 3920 958 3965 iah.
975 3920 1075 3979 iungunt
1093 3920 1120 3966 B.
1140 3918 1170 3964 Z.
1209 3921 1257 3963 Sed

250 3990 344 4033 aliunde
364 3990 472 4032 videntur·
491 3989 568 4043 petiti.
