2834 4630
746 224 755 253 l

308 353 332 412 6

371 488 466 554 Ord'o
500 486 659 569 epitomes
692 485 870 568 ipsissimus
900 498 962 563 est,
996 486 1051 573 qui
1086 487 1296 571 Neapolitani

296 589 432 656 *codicis
452 611 471 653 a
492 589 546 654 ct.
570 588 726 653 Iannellio
743 588 798 670 (in
818 588 931 671 priore
953 589 1093 654 editione
1112 589 1239 654 dissert.
1260 593 1294 657 1.

306 712 446 778 psus.
468 694 577 779 seqq.)
606 704 773 767 narratum
810 691 946 774 epistola
979 693 1128 756 nimirum
1165 694 1297 759 Perotti

306 795 456 881 prosaica
470 801 511 858 ad
527 798 682 858 Mannum
698 794 956 871 viterbiensem
977 796 1075 859 index
1097 795 1270 860 carminum
1284 821 1294 869 ;

305 899 467 985 prologus
487 896 786 980 Perottipoe'ticus
807 896 1025 978 athrrhum
1043 898 1155 962 fratris
1172 898 1294 974 filinm3

206 1028 210 1041 ¹
306 1002 434 1066 fabulae
464 1000 608 1066 Phaedri
640 1011 672 1063 et
697 999 834 1077 Avieni,
863 1001 993 1069 fabulae
1025 1022 1147 1081 novae,
1181 1023 1295 1065 versus

306 1104 402 1169 etiam
424 1103 524 1188 ipsius
546 1102 692 1177 Perotti3
723 1102 829 1167 omnia
847 1106 926 1166 haec
947 1103 1125 1168 alternatim
1146 1103 1294 1189 miroque

304 1205 404 1272 ,cinno
427 1206 511 1269 inter
539 1228 572 1268 se
600 1205 772 1288 permixta.
816 1205 965 1291 Denique
992 1216 1024 1271 et
1048 1206 1105 1270 illa
1126 1206 1293 1283 adnotatio

306 1312 402 1372 adest·
413 1311 452 1372 de
470 1306 581 1390 prisco
602 1310 742 1392 quodam
765 1308 917 1385 oraculo,
945 1329 1041 1393 qnam
1063 1307 1237 1373 Iannellius
1259 1308 1295 1373 in

306 1413 413 1494 Neap.
427 1408 550 1474 codicis
560 1407 705 1493 margine
719 1407 872 1491 scriptam
891 1405 1015 1490 reperit
1028 1408 1294 1494 atquevulgavit.

306 1514 419 1580 Porro
439 1523 472 1577 et
489 1510 559 1595 ipse
582 1508 917 1575 Vaticani-Urbinatis
942 1507 1064 1573 codicis
1083 1520 1189 1575 textus
1211 1516 1294 1578 adeo

305 1615 495 1702 plerumque
526 1635 599 1676 cum
636 1611 854 1695 Neapolitano
892 1610 1073 1694 conspirat,
1107 1622 1142 1674 ut
1162 1635 1205 1677 ex
1227 1635 1294 1680 uno

306 1719 483 1801 eodemque
494 1714 670 1798 exemplari
682 1736 822 1778 manasse
833 1725 1002 1800 utrumqne
1009 1714 1155 1780 codicem
1166 1737 1297 1781 necesse

304 1817 361 1883 ait.
404 1820 519 1903 Neque
540 1816 622 1881 enim
638 1840 736 1903 quum
753 1818 949 1883 Perottinus
965 1816 1083 1880 dicitur
1099 1817 1154 1882 ille
1171 1821 1294 1894 codex,

306 1919 364 2007 qui
382 1918 523 2002 Neapoli
544 1931 608 1996 est,
641 1919 766 1984 idcirco
789 1919 818 1983 is
837 1919 966 1984 Perotti
987 1922 1221 2004 autographum
1243 1920 1295 1985 vel

307 2022 419 2088 saltem
439 2024 550 2109 κτῆμα
577 2020 753 2086 credendus
777 2032 843 2098 est3
879 2045 990 2086 verum
1011 2021 1066 2087 ille
1084 2035 1212 2087 eatenus
1232 2026 1296 2088 Pe·

307 2125 462 2190 rottinnr
469 2124 576 2202 audit,
600 2135 754 2211 quatenus
764 2126 866 2190 ‘habet
878 2124 1007 2191 Perotti
1021 2124 1296 2203 lucubrationem

307 2226 620 2315 quamobrem-pari
647 2227 717 2291 iure
749 2229 917 2294 Perottini
945 2250 1029 2293 nnnc
1054 2228 1199 2293 dicentur
1227 2240 1296 2293 tum

307 2329 541 2414 Neapolitanus
553 2332 739 2395 chartaceus
749 2342 781 2393 et
792 2329 1024 2408 vitiatissimus,
1042 2343 1109 2395 tum
1116 2330 1297 2397 Vaticanus

306 2436 526 2524 membraneus
554 2445 649 2520 atque
671 2432 916 2518 integerrimus:
953 2437 992 2498 de
1022 2433 1111 2498 cuius
1140 2444 1241 2498 aetate
1266 2434 1297 2498 si

306 2528 381 2623 quis
411 2558 461 2601 me
490 2548 603 2622 roget,
639 2559 703 2622 ego
734 2535 886 2618 scriptum
918 2535 1026 2602 iudico
1056 2537 1110 2600 vel
1134 2536 1298 2602 desinente

305 2638 416 2704 seculo
438 2641 521 2704 XV.
543 2640 598 2702 rel
622 2638 726 2704 initio·
739 2640 972 2724 subsequentis.
1016 2628 1100 2704 Nam
1121 2644 1210 2725 quod
1232 2640 1296 2704 Fe·

306 2738 437 2806 derieus
452 2744 634 2806 Veteranus
649 2740 789 2807 Urbinas
808 2741 1075 2806 bibliothecarius
1098 2765 1181 2807 anno
1198 2743 1296 2808 1517.

305 2843 340 2909 in
354 2843 443 2909 oalec
454 2843 578 2929 codicis
589 2842 788 2929 epigramma
802 2847 841 2908 dc
853 2858 956 2910 morte
968 2846 1090 2909 domini
1103 2845 1152 2909 sui
1162 2845 1296 2924 scribit,

303 2947 339 3013 id
358 2967 452 3010 mann
470 2968 607 3030 prorsus
624 2947 752 3010 diversa
771 2958 803 3011 et
819 2946 981 3031 paululum
999 2947 1094 3018 etiam
1113 2948 1297 3014 recentiore
1402 3040 1403 3045 γ

303 3061 470 3119 exaratum
490 3071 560 3114 esse
581 3060 681 3134 patet.
773 3104 776 3107 .

368 3155 465 3219 Nunc
483 3166 565 3219 'eree
587 3153 751 3236 propositi
771 3154 833 3218 mei
854 3175 1018 3227 summam.
1063 3152 1199 3219 Codicis
1224 3155 1297 3217 Va·

303 3255 586 3321 ticaniUrbinatis
608 3279 675 3320 eam
698 3268 821 3338 partem
843 3261 922 3333 edo,
945 3279 1025 3343 quae
1047 3268 1149 3322 novas
1170 3257 1297 3322 fabulas

303 3362 362 3422 suh
384 3359 528 3423 Phaedri
548 3359 677 3437 nomine
696 3359 877 3445 divulgatas
899 3359 1062 3435 eontinet:
1088 3370 1119 3422 et
1141 3358 1217 3445 quia
1239 3359 1296 3424 hic
1401 3356 1402 3389 ³

304 3465 410 3555 codex
436 3460 667 3544 perincolumis
688 3462 955 3547 pancraticusqne
973 3474 1038 3539 est,
1072 3474 1185 3531 cuncta
1208 3465 1296 3531 Nea-

304 3563 441 3647 politani
469 3563 550 3628 vitia
577 3565 805 3651 luxaturasqne
835 3568 959 3631 demum
992 3587 1152 3650 persana:
1191 3564 1235 3630 ita
1260 3578 1299 3630 ut
1400 3598 1401 3613 κ

303 3680 407 3732 nome
425 3666 554 3731 fabulae
572 3669 635 3731 hac
653 3680 741 3734 certe
761 3667 794 3731 in
814 3678 906 3750 parte
929 3667 1062 3735 vetustis
1076 3689 1142 3734 non
1162 3671 1296 3747 cedant,

246 3764 251 3773 ’
305 3773 394 3855 quod
415 3772 500 3835 hand
522 3770 623 3846 minus
647 3773 816 3845 commode
839 3771 957 3845 valent,
1216 3780 1228 3831 t
