2870 4626
266 329 307 394 94

245 456 341 533 'Sive
361 472 424 535 hoc
444 468 584 552 ineptum
605 468 673 535 sive
694 471 880 534 laudandum
903 481 951 534 est
972 491 1071 554 opus,

263 567 394 636 ‘Invenit
411 573 483 650 ille,
506 584 615 638 nostra
637 573 771 655 perfecit
795 594 915 647 manus.

267 673 331 739 Sed
345 696 561 760 ‚exsequamur
583 690 729 759 coeptum
750 675 910 760 propositi
935 674 1088 742 ordinem.

650 960 748 1021 [rus.
773 960 876 1023 xxm]

581 1118 655 1184 'DE
678 1117 925 1185 SIMONIDE.
1003 1139 1012 1148 ·

304 1274 415 1355 Homo
438 1292 548 1352 doctus
571 1289 604 1351 io
625 1308 661 1351 se
681 1308 806 1370 semper
827 1287 951 1352 divitias
972 1289 1078 1350 hahet.

264 1393 458 1468 Simonides,
483 1391 538 1475 qui
558 1390 686 1473 scripsit
706 1388 873 1475 egregium
893 1391 1008 1471 melos,
1058 1444 1060 1449 .

264 1495 338 1575 Quo
360 1507 576 1578 paupertatem
598 1494 765 1557 sustineret
784 1494 927 1570 facilius,
946 1516 950 1525 ¹

264 1595 410 1662 Circuire
431 1598 538 1680 coepit
560 1600 656 1660 urbes
677 1596 775 1661 Asiae
796 1597 939 1672 nobiles,
1049 1668 1054 1673 ,

262 1699 417 1762 Mercede
440 1702 571 1783 accepta
591 1700 714 1763 laudem
736 1700 894 1764 victorum
916 1719 1044 1764 canens.
1234 1702 1255 1762 5
1339 1703 1350 1711 '

260 1802 337 1866 Hoc
359 1824 474 1886 genere
498 1813 645 1886 quaestus
667 1813 835 1886 postquam
857 1803 1000 1883 locuples
1019 1801 1124 1866 fectus
1145 1814 1211 1878 est,

265 1903 386 1968 Redire
408 1904 439 1967 in
460 1904 595 1988 patriam
618 1905 720 1969 voluit
733 1925 836 1967 ,cursu
856 1903 1002 1989 pelagio;

213 1995 215 1999 ¹
261 2007 357 2088 [Erat
379 2019 483 2071 autem
504 2018 613 2082 natus,
638 2017 674 2069 ut
695 2004 796 2082 aiunt,
818 2007 851 2069 in
874 2004 941 2070 Cea
962 2006 1063 2070 insula
1077 2008 1103 2090 a]

260 2108 416 2173 Ascendit
435 2131 567 2186 navem,
592 2130 684 2192 quam
704 2120 874 2190 tempestas
896 2107 1065 2188 horrida,

262 2210 362 2275 Simul
383 2223 415 2275 et
436 2224 575 2277 vetustas
597 2211 700 2276 medio
723 2211 869 2279 dissolvit
891 2211 983 2276 mari.
1103 2252 1106 2257 ,
1214 2216 1255 2277 lo

259 2314 305 2380 Hi
325 2335 442 2393 zonas,
465 2315 512 2380 illi
533 2336 584 2379 res
606 2315 763 2397 pretiosas
786 2314 959 2399 colligunt,

260 2417 439 2480 Subsidium
461 2417 557 2483 vitae.
590 2417 736 2498 'Quidam
757 2416 937 2481 curiosiore
967 2426 969 2429 ’

233 2596 235 2603 Ι
258 2519 447 2595 Simonide,
469 2532 505 2583 tu
526 2540 568 2583 ex
589 2519 703 2601 opibus
724 2520 767 2584 nil
789 2519 884 2583 sumis
905 2518 993 2584 tuis?
1019 2556 1023 2564 =
1258 2600 1262 2603 ἱ

261 2621 412 2704 Mecum,
436 2621 556 2706 inquit,
581 2643 649 2686 mea
663 2634 737 2686 sunt
751 2634 875 2686 cuncta.
900 2624 993 2687 Tunc
1006 2623 1100 2707 pauci
1113 2635 1252 2703 enatant,
1318 2621 1337 2641 ”

257 2868 311 2913 Pro
326 2867 402 2912 tribus
419 2869 457 2914 his
475 2883 513 2915 vv.
529 2871 588 2915 haer
603 2871 700 2916 exhibet
717 2870 764 2920 N.:
792 2869 848 2916 Heu
866 2877 973 2931 quantus
991 2878 1031 2918 eat
1045 2885 1144 2933 semper
1161 2879 1253 2918 murto·

257 2938 320 2982 lium
339 2938 418 2982 livor!
441 2939 505 2984 Sunt
523 2942 566 3000 qui
583 2939 703 3000 quidquid
716 2946 806 2998 putent
825 2941 931 3002 dignum
950 2940 1087 2999 momoria,
1106 2943 1198 3000 Aesopi
1214 2943 1253 2988 dd-

259 3013 318 3052 ruat
336 3002 407 3069 (sic).
444 3003 491 3071 (5)
509 3032 541 3044 ·-
559 3010 711 3055 contendunt
728 3010 758 3056 N.
795 3005 842 3072 (6)
859 3035 892 3045 —
911 3010 977 3072 Quos
995 3013 1026 3058 N.
1063 3015 1109 3058 Sed
1121 3014 1187 3068 prius
1201 3015 1252 3069 ipse

257 3080 387 3133 scripserat
400 3091 489 3137 quem,
519 3080 670 3124 manifestum
687 3081 878 3136 interpolationis
899 3082 1022 3126 iodicium.
1057 3076 1104 3145 (9)
1116 3080 1253 3142 propositi]

256 3159 281 3204 p.
301 3149 327 3195 S.
347 3170 379 3181 -
393 3149 550 3206 propositum
571 3150 601 3194 P.
621 3150 650 3194 ll.
669 3149 691 3193 A
709 3149 739 3195 N.
760 3149 827 3194 abest
844 3150 881 3194 hic
899 3151 1043 3196 versiculus.

307 3217 367 3262 Pus.
387 3216 473 3278 xxtt.
508 3211 555 3281 (1)
581 3243 614 3253 -
639 3233 688 3266 om.
713 3232 737 3263 v.
764 3219 788 3267 le
812 3217 843 3264 N.
879 3211 926 3280 (1)
951 3216 1075 3279 circuire]
1099 3221 1125 3266 S.
1145 3241 1179 3256 -
1195 3221 1247 3266 oir-

255 3287 351 3330 rumt're
369 3286 399 3331 P.
420 3289 449 3333 tt.
470 3287 501 3333 N.
517 3301 545 3345 p.
591 3289 652 3334 Saue
671 3289 695 3332 io
721 3293 819 3346 utraque
842 3289 959 3344 scriptura
978 3303 1033 3335 voc.
1056 3304 1130 3348 aeque
1147 3293 1193 3336 erit
1206 3291 1252 3335 tri-

255 3356 383 3409 syllabum.
419 3358 504 3420 Illam,
535 3372 565 3403 ue
583 3360 636 3416 quis
653 3359 777 3412 haereret,
796 3359 907 3412 praetuli.
955 3353 1002 3421 (6)
1012 3356 1113 3419 scetus]
1130 3359 1161 3405 N.
1180 3374 1205 3416 p.
1223 3361 1251 3407 S.

255 3447 290 3460 -
300 3422 401 3484 sactum
419 3428 448 3472 P.
471 3427 502 3473 tt.
539 3423 586 3490 (7)
602 3426 703 3486 Redire]
719 3427 758 3481 N.
777 3425 875 3471 firmans
894 3429 968 3473 Tullii
987 3430 1058 3488 coni..
1071 3431 1097 3477 S.
1118 3449 1149 3462 -
1168 3430 1252 3475 tenire
1308 3458 1313 3475 .

254 3495 285 3540 P.
303 3496 334 3543 tt.
356 3509 380 3551 p.
398 3495 460 3541 zen.
479 3490 527 3559 (·-
546 3511 595 3543 om.
614 3499 691 3542 volort
707 3499 815 3556 Bergsr,
835 3498 915 3544 tacite.
952 3498 1052 3544 Videtur
1071 3512 1121 3544 err.
1140 3493 1254 3560 typogr.)

254 3559 349 3626 (lbtd.)
362 3563 477 3627 pelagio]
495 3568 614 3626 Bougars.
640 3569 666 3611 S.
697 3591 730 3602 -
755 3567 846 3628 pelagi
862 3569 892 3613 P.
912 3569 941 3616 ll.
965 3581 990 3624 p.
1009 3561 1044 3629 (E
1062 3567 1094 3616 N.
1116 3570 1255 3615 exciderunt

250 3647 293 3678 mr.
312 3648 390 3679 cursu
404 3631 473 3696 pol.)
512 3631 559 3696 (8)
579 3647 609 3678 =
631 3641 657 3680 ut
673 3637 757 3691 aiunt,
786 3643 860 3681 notos
877 3639 996 3695 Bongars.
1016 3637 1134 3697 Guningh.
1155 3639 1251 3693 Bipout.

253 3698 348 3764 (ibid.)
365 3701 423 3764 Cen]
442 3704 503 3750 Gud.
520 3707 603 3749 Bur-m.
623 3707 647 3750 S.
666 3728 698 3741 «-
716 3703 778 3751 etta
792 3707 822 3750 R.
843 3727 873 3748 e-
893 3705 970 3751 setta
987 3707 1016 3751 P.
1037 3712 1097 3752 teste
1111 3707 1183 3769 Bcrg.
1203 3701 1253 3768 (-

253 3771 336 3818 Sitlct‘o
361 3775 390 3818 P.
416 3776 515 3819 testibus
541 3775 642 3819 Pithoeo
669 3781 706 3820 st«
724 3769 858 3836 Bongars.)
881 3794 915 3808 -·
939 3772 1002 3821 Gneo
1022 3770 1087 3838 (sic)
1111 3789 1135 3831 p.
1154 3798 1187 3811 -
1205 3772 1254 3820 Ceo

253 3843 342 3902 Rigalt.
380 3844 469 3888 Totum
491 3845 649 3899 versiculum,
669 3846 727 3890 mihi
758 3850 908 3901 suspectum,
932 3858 982 3890 om.
1003 3845 1033 3891 N.
1074 3845 1126 3891 Est
1141 3846 1207 3900 fere,
1228 3851 1254 3889 ut

195 3907 205 3917 ⁵
254 3924 326 3968 supra
343 3912 398 3957 Lib.
421 3909 447 3961 3.
467 3914 569 3974 Prolog.
589 3928 612 3958 v.
636 3911 678 3960 59..
719 3913 848 3976 Phrygem
858 3911 947 3974 sumre
968 3914 1102 3974 Aesopum.
1138 3910 1201 3977 (10)
1218 3939 1253 3950 -

254 3981 336 4031 sanet
361 3987 470 4029 vetustos
497 3984 528 4030 N.
575 3978 641 4047 (11)
659 4006 688 4018 -
708 3983 752 4030 Hit
769 3986 800 4031 P.
819 3985 851 4031 ll.
887 3985 942 4037 luda
967 3987 997 4030 ab
1021 3986 1066 4031 hoc
1081 3998 1105 4031 r.
1130 3987 1160 4030 ad
1179 3983 1252 4031 hem
