2870 4626
158 472 372 556 Persequitur
393 470 480 535 illurn
503 473 580 534 dura
600 469 657 534 sati
679 471 815 536 miseria.
863 515 866 521 -

203 576 288 641 Galli
312 574 461 656 Cybebes
483 573 601 636 circum
623 574 659 637 in
681 587 828 658 quaestus
852 578 965 640 ducere

156 679 292 743 Asinum
315 680 459 741 solebant
480 677 669 740 baiulantem
691 678 840 740 sarcinas.

157 783 193 846 Is
215 804 309 866 quum
333 781 443 844 labore
466 792 496 842 et
517 780 619 864 plagis
642 793 725 844 esset
748 792 910 856 mortuus,

157 886 311 948 Detracta
334 884 416 965 pelle
438 882 498 945 sibi
519 883 664 946 lecerunt
685 895 845 966 tympana.

157 987 280 1071 Rogati
304 1008 377 1048 mox
400 989 574 1071 aquodam
598 986 710 1075 delicio
733 1008 811 1063 suo,
903 1040 907 1045 .

159 1091 314 1170 Quidnam
336 1087 509 1152 fecissent?
530 1090 594 1151 hoc
615 1088 713 1155 locuti
735 1101 808 1151 sunt
831 1091 945 1152 modo:

159 1195 299 1256 Putabat
320 1213 353 1254 se
375 1203 449 1274 post
471 1202 604 1255 mortem
627 1211 771 1254 securum
792 1191 887 1266 sore3

160 1298 249 1359 Ecce
272 1295 350 1357 aliae
371 1294 484 1379 plagae
506 1306 723 1378 congeruntur
745 1306 886 1359 mortuo.

577 1511 675 1572 [nun.
700 1512 750 1574 tn]

570 1646 742 1729 rodru.

201 1805 350 1870 Ioculare
369 1803 429 1868 tibi
449 1803 596 1867 videtur:
619 1817 651 1868 et
670 1824 745 1868 sane
767 1803 851 1881 levi,

156 1910 246 1975 Dum
267 1909 343 1971 nihil
364 1910 515 1971 habemus
536 1907 654 1984 mains,
678 1907 801 1971 calamo
824 1896 972 1973 ludimus.

159 2013 225 2076 Sed
246 2012 415 2093 diligenter
435 2011 558 2074 intuere
581 2012 635 2073 has
658 2011 803 2076 naenias:
904 2074 916 2083 ,

158 2115 319 2195 Quantam
340 2116 399 2177 sub
420 2113 480 2177 illis
502 2113 664 2176 utilitatem
687 2112 844 2196 reperies!

158 2219 236 2281 Non
257 2239 382 2299 semper
404 2238 440 2280 ea
462 2229 551 2291 suut,
575 2237 655 2301 quae
677 2216 841 2280 videntur:
865 2216 982 2299 decipit
1137 2221 1155 2282 5

158 2320 266 2384 Frons
288 2320 387 2401 prima
409 2322 543 2395 multos3
564 2339 637 2383 rara
660 2340 746 2382 meus
766 2319 941 2405 intellegit,

160 2423 257 2502 Quod
278 2422 429 2488 interiore
450 2423 589 2487 condidit
610 2444 686 2485 eura
709 2423 838 2507 angulo.

158 2527 236 2589 Hoc
257 2547 295 2588 ne
316 2527 442 2590 locutus
464 2526 532 2589 sine
551 2528 695 2588 mercede
715 2525 900 2602 existimer,

158 2628 321 2692 Fabellam
344 2627 483 2691 adiiciam
508 2630 547 2691 de
569 2629 701 2691 mustela
729 2639 760 2689 et
781 2629 934 2693 muribus.

202 2732 360 2807 Mustela,
385 2752 480 2814 quom
504 2730 589 2794 annis
613 2743 644 2795 et
664 2745 790 2795 senecta
812 2733 927 2796 debilis
1118 2742 1158 2817 10
1204 2808 1209 2819 ¹

158 2835 274 2898 Mures
297 2834 423 2898 veloces
446 2853 511 2897 non
534 2834 657 2899 valeret
679 2835 821 2925 adsequi,
1142 2842 1144 2847 '

159 2937 303 3002 Involvit
323 2959 357 3001 se
378 2937 479 3001 farina
501 2947 533 2999 et
554 2936 694 3003 obs'curo
716 2940 790 3004 loeo
859 2935 860 2941 '

158 3040 287 3105 Abiecit
308 3038 525 3126 neglegenter.
571 3041 648 3104 Mus
671 3062 772 3104 escam
793 3055 906 3129 putans

161 3143 300 3208 Adsiluit
320 3156 352 3206 et
373 3164 573 3224 compressus
596 3144 745 3208 occubuit
766 3146 847 3210 neci.

161 3365 192 3410 Ν.
212 3378 236 3421 p.
273 3361 331 3422 (12)
354 3382 388 3408 ιι,-
413 3363 524 3408 illuserit
539 3364 601 3409 Gud.
624 3366 718 3411 Omittit
734 3368 795 3411 huuc
811 3381 834 3413 v.
854 3368 885 3412 N.
917 3370 1033 3426 Broticr,
1063 3375 1158 3418 Scbwa·

161 3435 229 3489 bins,
249 3434 311 3479 Zell.
331 3435 385 3478 huic
412 3433 623 3494 libro·Epilogu1n
641 3438 729 3480 addunt
746 3438 800 3480 Lib.
821 3440 863 3482 tv.
885 3440 947 3484 Fal).
968 3438 1013 3489 25..
1031 3443 1106 3489 Codd.
1125 3447 1155 3490 P.

161 3510 185 3549 et
201 3504 249 3561 R.;
268 3506 393 3563 prologum
412 3509 490 3548 autem
507 3505 578 3548 iidem
598 3505 709 3550 Editores
728 3509 834 3564 sequenti
854 3510 915 3553 libro
936 3521 1083 3566 praeponunt
1108 3519 1158 3570 eui·

160 3575 242 3634 logum
271 3574 326 3617 libri
350 3574 392 3618 lV.
419 3575 479 3628 apud
496 3574 638 3628 Pithoeum,
671 3577 719 3618 sive
741 3579 801 3631 apud
825 3579 908 3623 Burm.
946 3583 1073 3642 prologum
1090 3584 1157 3630 Libri

158 3645 190 3688 V.
212 3642 291 3704 (lauru
306 3642 482 3688 destinassem.
519 3643 569 3688 Nos
587 3646 693 3689 codicum
711 3648 820 3691 ordinem
837 3651 988 3695 retinuimus.

151 3716 155 3725 '
210 3713 295 3756 Ltssltt
325 3714 368 3759 Ν.
409 3715 469 3758 Fre.
498 3714 518 3757 l.
556 3711 594 3767 (3)
619 3712 739 3774 Cybebes]
762 3718 792 3762 P.
817 3719 847 3762 ll.
879 3721 904 3764 S.
933 3742 965 3755 --
996 3718 1100 3780 Cybeles
1129 3737 1152 3778 p.
1198 3744 1202 3749 ’

160 3783 244 3837 (lbid.)
268 3785 364 3827 circum
386 3784 414 3827 in
435 3780 564 3843 quaestus]
582 3783 644 3829 Gud.
665 3785 690 3829 S.
710 3810 743 3819 -
760 3789 857 3832 ciream
874 3797 974 3848 questus
994 3794 1054 3846 (sic)
1070 3795 1101 3836 P.
1123 3793 1153 3836 ll.

159 3865 184 3906 p.
219 3851 257 3908 (ll
273 3862 313 3899 oto
328 3852 441 3897 detracto
459 3853 553 3909 apelle
570 3854 686 3899 Ritterslt.
706 3856 787 3901 Buran.
807 3857 893 3909 Bolbe.
930 3859 965 3915 (ll)
983 3880 1019 3895 -
1036 3862 1156 3907 delicioso

160 3922 189 3966 P.
208 3936 222 3965 a
241 3936 291 3970 sec.
310 3936 343 3967 m.
381 3921 437 3976 (11)
454 3921 560 3981 mortuo]
579 3937 603 3978 p.
626 3925 652 3967 S.
672 3948 704 3958 -
722 3929 815 3970 mortui
832 3928 862 3972 P.
881 3928 907 3986 g.
940 3958 942 3962 -
1007 3972 1011 3979 ,

211 3992 269 4039 Fra.
282 3993 315 4036 ll.
335 3990 800 4061 (ll-loentumtibioideuturlleius.
811 3998 895 4043 Bothe.
907 3994 1056 4056 (thiutteotl
1064 3996 1153 4041 Scheff.
