2870 4626
261 317 301 377 26

221 530 223 540 Ι
259 476 323 537 par·
341 466 423 532 crat,
447 455 688 537 perficiendum
712 457 792 517 uode
813 457 876 517 hoo
897 453 970 517 loco
986 453 1100 517 merito
1117 452 1253 519 atunmas

261 558 378 641 gratias
400 579 463 641 ago
486 559 568 620 VV.
592 557 665 622 CC.
688 556 880 621 Dreohaelio
904 566 935 618 et
949 556 1096 632 Haterio,
1120 556 1174 640 qui
1194 560 1252 621 be-

260 660 355 744 nigue
377 660 452 722 mihi
474 660 540 723 eius
562 661 685 742 copiam
707 661 863 723 fecerunt.

323 762 432 826 Habes
453 762 553 846 igitur
575 765 691 844 podtao
713 763 828 836 verba,
864 773 1012 845 quantum
1034 762 1141 842 potui,
1172 783 1251 843 pro·

259 863 405 935 habiliter
421 865 588 941 constituta
605 868 642 927 ad
658 862 801 927 codicum
817 864 922 941 fidem,
934 863 1073 927 subiecta
1088 863 1251 948 integra

258 966 411 1031 varietate
434 968 587 1035 Codicum
611 979 643 1029 et
664 969 748 1029 Edd.
772 964 967 1031 Pithoeanae
990 977 1084 1049 atque
1116 968 1252 1046 Schwa-

259 1072 389 1134 bianae:
426 1070 557 1154 siugulis
580 1069 848 1135 emendationibus
877 1081 907 1131 et
935 1068 1144 1144 coniecturis,
1173 1070 1254 1153 quae
1325 1144 1332 1155 ,

253 1148 436 1255 memorare
458 1192 575 1254 operae
597 1170 732 1253 pretium
749 1171 914 1234 videbatur
929 1206 969 1217 -
983 1172 1154 1252 permultas
1168 1171 1249 1234 onim

260 1287 292 1339 et
323 1275 423 1339 minuo
450 1275 633 1358 probabiles
662 1286 694 1337 ct
725 1285 833 1355 aperte
859 1273 954 1336 falsas
982 1273 1137 1357 facileque
1168 1277 1251 1354 apud

260 1377 464 1442 Schwabium
495 1378 527 1440 in
560 1376 672 1459 primis¹
701 1376 901 1459 reperiendae
933 1376 1081 1441 consulto
1110 1387 1250 1458 praeter-

259 1480 328 1544 misi
350 1516 391 1529 -
411 1479 505 1569 primi
526 1480 664 1543 auctoris
685 1501 801 1553 nomeu
822 1477 1000 1543 subiicitur.

308 1584 404 1650 rEum
427 1594 528 1645 autem
559 1604 652 1644 uuum
675 1583 717 1646 ob
738 1583 831 1645 finem
854 1581 945 1643 etiam
968 1581 1106 1645 Phaedri
1126 1581 1251 1663 suscepi

259 1685 443 1760 editionem,
477 1697 513 1747 ut
545 1696 618 1766 post
640 1688 698 1748 hos
721 1684 897 1751 CCXXV.
921 1685 1019 1750 annos
1041 1687 1165 1747 taudem
1186 1706 1248 1768 pro

257 1803 348 1853 certo
370 1798 531 1852 constaret
553 1790 590 1850 de
612 1787 808 1872 singulorum
830 1786 895 1849 eius
917 1787 1089 1850 verborum
1111 1787 1251 1851 auctori-

258 1902 340 1966 tate3
363 1897 515 1973 quantum
533 1912 616 1952 nuno
648 1890 772 1974 quidem
801 1889 872 1951 ficri
898 1901 1017 1972 potest.
1061 1872 1270 1954 Incredibile

258 1993 426 2068 emunim,
460 2006 539 2076 quot
570 2005 602 2056 et
624 1993 731 2078 quanti
753 2013 879 2055 errones
907 1992 937 2055 in
959 1992 1045 2055 tenui
1066 1994 1129 2055 hoc
1151 2009 1248 2074 opus‘·

259 2098 331 2160 culo
360 2099 462 2159 adhuc
491 2095 648 2158 commissi
677 2096 757 2171 sint,
794 2116 859 2159 nou
888 2099 1000 2178 magud
1028 2095 1169 2177 quidem,
1194 2098 1249 2159 aed

256 2212 359 2262 tamen
381 2199 717 2288 nonnulldEditorum
747 2198 851 2280 culpd.
895 2198 1016 2260 Verum
1037 2196 1077 2274 ii,
1116 2197 1171 2281 qui
1192 2221 1248 2279 me

188 2352 191 2359 .
257 2304 310 2366 vel
336 2303 367 2365 iu
398 2302 560 2365 levissimis
588 2305 684 2372 rebus
717 2300 894 2364 correcturi
919 2311 1008 2377 sunt,
1045 2322 1171 2363 necesse
1199 2313 1247 2364 est

256 2409 392 2469 habeant
419 2404 555 2489 Bergeri
584 2426 708 2478 curam,
741 2404 948 2466 Pithoeanum
979 2403 1138 2484 exemplar
1166 2405 1248 2465 Ber-

257 2530 371 2584 uense‚
405 2507 548 2569 Ianncllii
580 2504 730 2570 Codicem
752 2506 969 2582 Perottiuum',
1001 2517 1128 2588 practer
1158 2527 1245 2583 eam,

258 2632 337 2694 quae
368 2610 496 2672 facilior
530 2620 643 2691 paratu
678 2608 746 2683 cit,
788 2609 1048 2672 Burmanniauam
1081 2607 1248 2672 editionem
1335 2686 1339 2693 Ι
1424 2586 1425 2641 i

257 2735 328 2776 oum
349 2711 603 2776 annotationibus
626 2710 788 2775 variorum
809 2712 882 2774 anni
903 2713 955 2774 M.
981 2709 1088 2779 DCC·
1110 2712 1247 2779 XVIII.

255 2815 411 2889 Ceteros,
444 2814 496 2896 qui
519 2813 694 2877 Schwabio
723 2817 884 2881 dumtaxat
904 2825 1050 2888 utentur,
1083 2813 1158 2876 nihil
1180 2835 1249 2878 mo·

248 2905 324 2983 ror.
369 2920 450 2981 Nam
471 2918 518 2992 ia,
552 2929 586 2980 ut
612 2916 683 2980 ficri
701 2918 771 2980 fere
793 2918 883 2980 aliter
904 2938 967 2980 non
988 2927 1132 2998 poterat,
1167 2937 1245 2980 con-

255 3020 357 3086 fundit
378 3014 531 3084 lectiones
552 3019 708 3103 inprimis
731 3019 814 3089 Cdd.
838 3019 925 3085 Pitn.
950 3030 981 3087 et
994 3021 1089 3083 Rem.
1111 3021 1202 3082 talem
1215 3017 1247 3083 in

255 3127 401 3200 modum,
434 3135 469 3186 ut
496 3124 647 3188 evolvere
676 3123 791 3186 exitum
820 3122 949 3186 istarum
971 3126 1133 3187 turbarum
1154 3122 1245 3189 unico

257 3248 318 3308 ope
339 3216 552 3312 Bergerianae
575 3226 720 3291 editionis
740 3225 950 3307 potuerimus.
989 3225 1123 3290 Minime
1143 3237 1244 3288 tamon

254 3316 656 3412 proptereastreprehcndo
690 3328 791 3391 virum
820 3327 1119 3410 praestantissimum
1148 3341 1179 3393 ct
1206 3330 1245 3391 de

210 3440 214 3445 ’
254 3432 403 3500 Phaedro
433 3433 551 3514 optime
580 3432 744 3495 meritum:
778 3452 849 3495 nam
881 3443 952 3494 ante
983 3431 1119 3494 strbsidia
1145 3448 1250 3513 nuper

208 3564 211 3571 =
253 3546 382 3615 reperta
412 3535 510 3598 eidem
542 3535 651 3616 culpae
685 3555 747 3620 ego
781 3556 909 3620 quoque
948 3534 1114 3617 aliquando
1146 3532 1267 3596 affinia-

254 3635 400 3712 iuiasom‚
414 3638 440 3701 si
451 3637 685 3721 priusunquam
697 3640 735 3699 de
746 3637 895 3700 Phaedro
906 3639 1027 3700 edendo
1043 3637 1244 3721 cogitassem·

318 3739 431 3824 Signa,
455 3740 570 3824 quibua
592 3761 665 3802 usus
688 3743 772 3813 sum,
797 3742 874 3808 haec
896 3751 986 3807 sunta

256 3842 298 3911 P,
320 3873 356 3909 =
383 3842 499 3906 Codex
520 3842 728 3907 Pithoeanus.

257 3944 300 4017 R.
323 3974 359 4011 =
381 3944 494 4015 Codex
517 3945 700 4019 Remensis:
738 3967 774 4012 ca
803 3946 872 4015 scit,
901 3946 1057 4023 vanietas,
1092 3969 1170 4035 quae
1192 3950 1245 4018 vet
