2834 4630
291 298 354 360 224

291 438 422 501 Iussit
444 438 581 518 hyblei
603 428 791 501 tribuunt
813 449 898 500 stare
920 437 992 499 diva
1013 437 1146 500 floribus

291 542 449 604 Praesens
471 541 539 622 ipsa
561 540 631 603 iura
655 541 729 603 dieit
751 543 939 603 adsederant
962 539 1085 624 gratiae

291 645 392 707 Hibla
413 654 521 706 totus
543 643 686 709 fundet
707 643 903 728 quidquid
925 664 1050 705 anuos
1073 643 1239 706 adtullit

291 748 387 809 Hibla
417 747 531 811 florum
560 757 809 829 superestem
840 757 1011 828 quantus
1041 756 1078 825 et
1109 768 1182 810 nee
1210 768 1293 810 eam-

920 872 979 931 pus
1003 861 1050 912 est
1273 855 1277 863 ’

290 955 389 1019 Ruris
410 954 463 1016 hie
485 965 577 1017 erunt
598 953 723 1036 puellae
746 953 797 1016 vel
819 953 943 1034 puellae
966 951 1119 1016 montium

291 1059 445 1141 Quaeque
467 1057 588 1119 silvas
611 1077 712 1139 quae
734 1057 848 1140 locus
870 1077 996 1139 queque
1012 1066 1136 1119 montes
1150 1054 1291 1120 incolunt

289 1159 389 1225 Iussit
411 1182 540 1223 ornnes
562 1160 707 1222 adsidere
729 1159 819 1240 pueri
841 1170 940 1221 mater
962 1159 1080 1222 alitis

289 1265 388 1328 Iussit
411 1275 442 1326 et
464 1266 564 1327 nudo
586 1264 708 1346 puellas
730 1263 772 1324 nil
798 1261 920 1325 amori
942 1265 1072 1326 eredere

290 1366 378 1432 Cras*
389 1377 471 1430 amet
486 1367 540 1450 qui
554 1386 712 1448 nunquam
729 1364 844 1427 amavit
860 1367 976 1449 quique
992 1366 1109 1429 amarit
1123 1386 1194 1427 cras
1209 1375 1291 1427 amet

290 1472 335 1534 Et
358 1471 536 1554 rigentibus
556 1468 733 1532 virentes
756 1471 831 1532 duo
854 1470 1036 1531 adumbra
1056 1469 1192 1532 floribus

206 1614 212 1618 -
290 1572 456 1641 Craserit
478 1594 554 1657 quo
573 1554 697 1653 'primus
719 1572 1053 1652 ethereopolarit
1074 1572 1200 1654 nuptias

289 1678 335 1740 Ut
355 1690 447 1757 pater
469 1675 546 1763 totis
569 1674 726 1737 creavit
750 1675 856 1738 vernis
877 1697 991 1747 annum
1012 1677 1150 1738 nubibus

289 1781 328 1843 In
350 1780 450 1840 sinum
475 1778 607 1840 maritus
629 1777 730 1840 imber
752 1779 874 1841 fluxit
893 1781 993 1841 alme
1018 1779 1164 1864 coniugis

289 1881 1290 1968 Undeflaetnsmixtusomnisalteretrnagnoeorpore

288 1985 366 2067 lpsa
390 2007 511 2047 venas
534 1988 660 2068 adque
683 1996 816 2051 mentem
838 1987 1064 2066 permeanti
1086 1987 1200 2068 spiritu

287 2090 379 2151 Intus
402 2088 516 2152 ocultis
538 2091 736 2170 gubernat
756 2089 991 2170 procreatis
1014 2088 1134 2153 viribus
1385 2164 1386 2169 η

192 2184 205 2195 ’
287 2193 363 2256 Per
393 2210 503 2274 quem
536 2191 658 2254 caelum
687 2212 759 2272 per
788 2213 896 2274 qnem
918 2205 1021 2256 terras
1044 2215 1185 2277 perque
1207 2216 1289 2276 pon·
1385 2242 1386 2273 q

918 2308 984 2358 tum
1007 2296 1165 2359 subditum
1228 2317 1233 2321 ’
1385 2282 1386 2287 ¹

287 2398 441 2464 Persium
464 2399 513 2463 sui
535 2398 740 2462 tenderem
762 2398 915 2462 semina
937 2399 1132 2462 litramite

286 2503 398 2565 lubuit
419 2503 571 2587 iussitque
593 2505 739 2564 mnndum
762 2524 881 2567 nosse
904 2503 1097 2566 nascendi
1121 2506 1185 2565 vias

288 2604 468 2669 Cras‘amet
482 2605 537 2690 qui
552 2626 710 2689 nunquam
723 2606 842 2669 amavit
855 2607 972 2691 quique
989 2607 1104 2670 amavit
1119 2629 1191 2669 eras
1205 2619 1286 2670 amet

286 2710 360 2790 lpsa
382 2708 527 2771 troianos
550 2721 725 2790 nepotes
746 2709 776 2771 in
801 2710 957 2772 latinos
981 2710 1141 2772 transtulit

285 2813 356 2893 Ipa
378 2812 550 2873 laurentem
573 2811 706 2892 puellam
730 2811 898 2897 coniugem
921 2825 995 2875 nato
1018 2814 1104 2876 dedit

284 2917 435 2998 Moxque
459 2913 550 2975 marti
572 2917 611 2975 de
634 2915 750 2977 sacello
774 2917 825 2976 dat
847 2917 992 2996 pudieam
1016 2918 1170 3002 virginem

170 3004 175 3013 Χ
284 3018 505 3085 Ronruleas
527 3017 636 3098 ipsas
658 3017 734 3080 ferit
757 3040 824 3079 rum
847 3018 1000 3081 sabinis
1023 3021 1145 3102 nuptias

284 3124 376 3186 Unde
399 3141 554 3184 samnes
577 3132 608 3182 et
629 3121 760 3205 quirites
782 3142 909 3205 proque
931 3123 1024 3202 prole
1046 3137 1209 3204 posterum

283 3224 416 3288 Romoli
431 3236 569 3289 ,matrem
591 3236 716 3286 crearet
737 3236 768 3286 et
792 3237 938 3306 nepotem
961 3247 1119 3289 caesarem

284 3324 368 3392 Cras
400 3339 481 3390 amet
508 3326 563 3410 qui
590 3348 749 3412 nunqnam
779 3327 897 3389 amarit
924 3328 1041 3413 quique
1072 3330 1188 3394 amavit
1216 3354 1285 3396 cras

662 3420 666 3425 ”
915 3444 997 3495 ειηιεῑ
1100 3412 1107 3420 .
1288 3426 1290 3435 ’

282 3535 373 3599 Rura
396 3534 592 3597 fecundat
616 3535 764 3615 voluptas
787 3556 860 3596 rura
886 3556 1032 3598 venerem
1056 3522 1193 3601 sentiunt

286 3641 359 3720 lpse
383 3659 473 3700 arnor
495 3660 575 3720 puer
596 3637 690 3700 dione
714 3657 788 3701 rure
812 3651 904 3701 natu
927 3640 1042 3704 dieitur

336 3839 377 3889 49.
399 3838 521 3898 tribuunt]
546 3838 584 3882 Sic
610 3840 696 3892 llanth.
735 3839 787 3885 Non
811 3844 901 3886 notarit
925 3845 978 3887 Sili.
1023 3844 1064 3892 51.
1091 3844 1186 3890 Omittit
1204 3846 1284 3908 flores

283 3912 357 3957 Salm.
396 3907 438 3956 52.
458 3915 481 3953 et
502 3906 557 3962 uer]
577 3910 616 3954 Sir
634 3910 722 3954 llanth.
742 3918 766 3956 et
783 3925 814 3955 ne
832 3912 885 3957 stu.
919 3909 960 3959 dl.
976 3916 1067 3959 ocultis
1077 3920 1175 3974 uterque
1189 3914 1249 3961 Cod.
