2864 4622
171 478 303 548 Avertit
324 480 441 544 mulos·
485 477 620 544 Factam
641 494 754 543 ratmot·
775 477 924 562 dissipat3

171 584 333 670 Arguitur
355 583 464 658 mites,
489 582 614 665 rapitur
635 580 667 649 iu
689 583 911 665 praetorium..
932 624 954 653 ,·
1011 595 1039 611 '⁴

173 690 260 752 Tum
281 689 436 770 Magnus,
462 685 547 766 Quid
578 685 682 761 (οἰδ,
699 697 774 755 tune
796 692 861 761 ine,
884 680 1076 756 retundite,

173 791 322 874 Spoliare
343 812 378 853 es
400 788 520 852 ausus?
542 789 600 852 Ille
624 789 778 854 continuo
800 799 945 851 exscreat

173 894 241 957 Sibi
263 896 295 956 in
317 892 477 956 sinistram
498 901 530 954 et
551 905 678 974 sputum
701 891 808 976 digitis
831 892 975 973 dissipat.
1074 905 1077 913 ·
1141 888 1182 949 10

173 998 246 1073 Sic,
271 997 467 1078 imperator,
492 994 577 1059 oculi
600 996 797 1061 entillescant
819 995 899 1071 urei,

174 1101 210 1165 Si
232 1100 296 1163 vidi
319 1111 373 1162 aut
395 1097 502 1182 tetigi.
548 1099 630 1161 Tum
651 1100 703 1160 vir
726 1098 818 1161 animi
840 1096 991 1179 simplicis

92 1272 97 1283 ¹
175 1205 193 1268 Ι
210 1246 388 1266 .......
400 1223 415 1265 s
440 1200 838 1284 ‚as..0...prope11i
859 1201 975 1275 iubet,'

176 1309 249 1370 Nec
266 1349 304 1370 ..
328 1307 366 1367 de
392 1347 574 1369 .......
590 1324 642 1366 um
665 1305 767 1368 credit
788 1315 907 1367 tantam
930 1300 1105 1366 audaciam.

234 1453 388 1473 ......
410 1429 461 1472 ars
487 1406 1037 1483 ...monitumnonitum
1143 1398 1205 1468 (ὅ

178 1528 273 1578 ....’
291 1550 554 1577 ..........
571 1531 587 1574 s
608 1512 808 1595 provocabat
829 1512 1005 1584 harbarns3
1046 1548 1051 1556 ·

178 1615 267 1682 ..bi
284 1618 294 1680 ’.
313 1659 322 1680 .
341 1658 350 1677 .
366 1636 446 1700 sque
465 1614 593 1691 metuit,
616 1616 643 1691 †
654 1614 749 1698 primi
771 1625 910 1683 mrassant
932 1616 1041 1677 duces.

179 1762 331 1785 ......
355 1718 504 1782 cinaedus
525 1718 655 1794 habitu,
679 1720 736 1784 sed
757 1719 852 1782 Mars
873 1717 1017 1795 viribus,

156 1820 160 1837 '
178 1867 301 1889 .....
324 1826 482 1886 sedentem
504 1844 567 1906 pro
588 1820 738 1886 tribunali
759 1824 882 1895 ducem,
905 1814 909 1819 ¹

180 1972 216 1992 ..
240 1948 321 1992 voce
345 1925 457 1991 molli:
481 1924 599 1989 Licet?
621 1926 829 2001 †Enimvero
853 1924 924 1989 eiici
946 1925 1069 2001 virum,
1144 1925 1187 1988 90

178 2032 236 2096 U.
255 2074 264 2095 .
283 2052 301 2092 n
323 2051 360 2094 re
382 2028 485 2095 atroei
506 2029 646 2114 Magnus
669 2031 869 2093 stomachans
891 2029 1042 2113 imperat.

180 2136 264 2198 Tum
284 2133 412 2218 quidam
433 2129 540 2198 senior
562 2153 604 2195 ex
625 2133 733 2197 amicis
754 2133 929 2216 principiae
981 2154 990 2159 ⁹

178 2238 276 2302 Hunc
298 2258 361 2320 ego
383 2235 538 2299 committi
559 2236 658 2302 satius
679 2238 844 2302 Fortunae
867 2237 1029 2312 arbitror,

179 2342 217 2405 In
240 2362 306 2424 qno
326 2340 448 2403 iactura
469 2337 549 2402 levis
572 2351 638 2414 est,
663 2362 755 2425 quarn
778 2342 894 2405 fortem
918 2339 1042 2415 viriam,
1065 2424 1067 2428 ,

181 2444 245 2525 Qui
267 2465 342 2506 casu
363 2442 466 2505 vienn
487 2443 674 2507 temeritatis
696 2456 726 2507 te
749 2455 875 2528 arguat.
1143 2444 1184 2507 25

179 2548 327 2614 Assensit
348 2547 491 2631 Magnus
513 2559 544 2609 et
566 2546 708 2629 permisit
730 2547 821 2611 militi

105 2634 111 2639 ’
179 2651 318 2717 Prodire
340 2662 471 2726 contra,
495 2650 566 2734 qui,
591 2650 724 2714 mirante
746 2652 908 2729 exercitu,

180 2754 279 2819 Dicto
303 2754 437 2817 celerius
459 2752 579 2829 †hosti
600 2755 733 2818 abscidit
755 2768 850 2839 caput

181 2859 362 2940 Victorque
383 2857 478 2920 redit.
522 2858 582 2920 His
605 2868 671 2919 tarn
693 2859 870 2942 Pompeius
893 2881 1008 2944 snper:

184 2959 317 3025 Corona
340 2958 479 3033 †u1ilitis
500 2960 644 3042 equidem
667 2964 807 3027 tedono
829 2964 952 3040 libens,
1148 2960 1190 3023 30

185 3065 282 3144 Quod
303 3060 468 3129 vindicasti
490 3063 615 3126 laudem
637 3064 777 3129 Romani
797 3065 939 3148 imperii3

184 3311 325 3360 Horrenda
339 3327 396 3359 soce
413 3315 436 3361 1.
478 3310 544 3375 (17).
571 3323 610 3362 oo
638 3314 693 3361 Sibi
709 3315 813 3374 quiaque
831 3313 852 3358 1.
872 3315 903 3359 Z.
941 3310 1027 3371 (ibid.)
1046 3337 1080 3347 -
1098 3313 1191 3359 masei·

183 3391 238 3430 tant
251 3385 335 3444 primi
350 3385 453 3430 Dorvid.
474 3386 504 3430 Z.
523 3395 562 3432 ω
579 3391 603 3429 st
613 3386 695 3443 primi
711 3389 828 3430 mussant
844 3386 865 3429 1.
902 3376 966 3444 (18)
983 3394 1021 3431 tao
1039 3382 1153 3428 Tandem
1165 3398 1189 3428 e.

183 3456 213 3515 Β.
233 3456 263 3501 Ζ.
284 3477 317 3490 -
336 3453 432 3499 Tamen
449 3456 505 3503 iae.
518 3456 539 3500 1.
553 3480 585 3489 -
601 3454 697 3501 Tamen
715 3469 739 3500 e.
754 3455 783 3500 G.
802 3450 864 3515 (19)
881 3452 944 3499 Adit
957 3467 980 3497 e.
1001 3454 1085 3502 Bnrm.
1106 3455 1136 3498 Z.
1156 3477 1190 3488 —-

184 3523 255 3571 Adiit
272 3539 295 3569 a.
315 3525 336 3569 1.
374 3522 430 3584 (2⁰)
452 3535 491 3572 Ν
508 3530 531 3568 et
548 3538 605 3573 soce
624 3525 644 3570 Ι.
664 3526 692 3570 Ζ.
737 3524 822 3583 (ibid.)
840 3534 878 3570 oto
895 3522 1030 3568 Enimuero
1048 3525 1108 3568 eiice'
1123 3538 1190 3569 vers.

185 3591 227 3640 21.
266 3594 355 3639 Virum
373 3596 444 3640 utin
462 3609 490 3638 re
507 3596 536 3640 Z.
563 3596 608 3650 (-
626 3593 691 3639 Eum
718 3609 775 3639 aero
791 3595 851 3639 elici
870 3592 899 3638 Ut
917 3594 943 3637 in
961 3607 989 3637 re
1008 3593 1042 3652 Ι.)
1079 3591 1134 3651 (28)
1152 3603 1191 3639 oo

184 3662 264 3710 hostie
282 3666 304 3713 1.
325 3666 354 3711 Z.
401 3663 458 3722 (29)
476 3674 514 3711 oo
532 3664 697 3729 rediit15Z.
721 3662 791 3728 ¹(30)
808 3674 848 3711 ete
865 3660 980 3717 Corona,
1000 3665 1089 3719 mileu,
1109 3678 1147 3721 eq.
1168 3663 1188 3705 1.

184 3734 214 3780 C.
236 3735 266 3780 Ζ.
303 3733 358 3792 (31)
375 3746 414 3783 Ν
431 3736 526 3797 imperi
541 3736 561 3780 1.
582 3737 612 3783 Ζ.
659 3729 718 3796 (33)
735 3745 773 3787 ω
792 3733 877 3792 Turpe
894 3733 960 3778 tund
977 3740 1106 3792 repetens,
1126 3728 1192 3790 quod

183 3803 305 3850 cinaedus
316 3802 420 3864 fecerat
437 3806 466 3854 C.
492 3806 521 3851 Ζ.
544 3827 574 3838 -
594 3804 680 3864 Turpe
704 3803 769 3850 illud
783 3792 903 3859 imitaris,
929 3804 952 3849 ie
968 3802 1033 3862 quod
1049 3808 1106 3846 ante
1118 3798 1190 3858 sece-

184 3881 227 3919 rat
243 3876 263 3919 1.
282 3897 315 3909 -—
334 3874 420 3934 Turpe
439 3875 504 3920 titud
520 3875 624 3919 imitans
641 3881 717 3936 gestu
731 3873 796 3934 quod
809 3872 881 3919 domo
892 3869 996 3933 fecerat
1013 3874 1041 3917 Β,
1064 3869 1118 3928 (34)
1130 3868 1191 3913 Niea'

182 3950 212 3988 tu
230 3944 359 3990 abstulisti
381 3946 501 3990 sarcinae
524 3940 599 4004 furto
622 3940 668 4006 (B.
693 3945 722 3990 Z.
747 3954 785 3991 ow
803 3958 883 4002 nuper
900 3941 1018 3996 Dorvill.)
1036 3954 1105 3984 meae
1128 3939 1190 3982 Dor·

184 4015 237 4059 viil.
255 4016 284 4059 B.
305 4016 335 4060 Ζ.
355 4034 390 4051 -
406 4013 468 4062 Ntet
484 4021 511 4061 tu
528 4014 657 4062 abstulisti
675 4029 688 4059 e
706 4015 819 4073 sarcinis
835 4027 895 4075 epea
913 4025 983 4056 meae
1003 4011 1022 4055 Ι.
1058 4028 1060 4031 ’
