2834 4630
1114 203 1119 214 s

1117 340 1159 401 55

169 486 189 521 *⁸
215 477 352 555 Reddit,
375 499 441 545 non
459 476 586 560 perdit,
607 477 664 563 qui
681 498 770 541 sunm
795 476 939 564 quoique
959 474 1086 540 tribuit.
1164 546 1166 559 1
1266 464 1268 471 ’

169 588 189 625 t
215 574 280 645 S'ua
298 579 354 668 qui
372 593 496 658 servat,
519 580 584 645 suis
604 591 713 644 servat
734 580 926 645 eommunia.
1119 581 1161 642 20

215 684 300 749 Satis
322 695 370 748 est
391 685 517 748 hostem
541 704 712 766 superare3
735 681 896 747 nimiumst
911 685 1062 766 perdere.

215 791 378 870 suspicax
398 787 519 851 animus
542 785 683 851 omnium
703 790 830 850 damnat
849 787 960 877 fidem.

215 888 365 974 Suspicio
395 892 505 972 probo
531 888 656 955 bomini
687 888 890 979 (probatiri
916 876 1090 972 probato?
1092 889 1114 971 )

674 991 774 1056 tacita
795 990 956 1057 iniuriast.

192 1098 300 1177 xSatis
319 1097 486 1173 disertust,
509 1118 526 1160 e
550 1116 616 1182 quo
636 1094 783 1181 loquitur
804 1094 937 1159 veritas.

217 1201 294 1266 Tuti
316 1210 389 1265 sunt
411 1221 537 1275 omnes,
560 1220 640 1262 unus
661 1196 718 1265 ubi
740 1197 934 1263 defenditur.
1034 1241 1037 1249 -
1117 1194 1159 1264 25

214 1304 282 1370 Ubi
301 1303 435 1368 libertas
456 1301 591 1378 cecidit,
614 1303 708 1365 audet
726 1321 821 1366 nemo
844 1300 951 1387 loqui.

213 1408 295 1473 Vita
315 1405 421 1472 otiosa
439 1414 604 1490 regnumst
626 1414 658 1469 et
680 1425 775 1469 curae
799 1403 948 1486 minus¹).

214 1511 280 1576 Ubi
295 1531 405 1576 omnes
421 1519 573 1592 peceant,
595 1529 668 1590 spes
686 1508 835 1593 querelae
850 1507 990 1574 tollitur.

171 1614 190 1650 ‘i‘
213 1615 259 1679 Ut
279 1613 388 1696 plures
408 1611 633 1697 corrigantur,
653 1609 716 1674 rite
730 1610 855 1693 (reete)
874 1632 954 1676 unus
974 1611 1107 1695 perit2).

171 1725 190 1762 ⁴¹¹
215 1714 342 1783 Virtuti
359 1714 448 1780 omni
468 1712 696 1797 impedimento
720 1713 819 1778 salsus
839 1724 888 1778 est
905 1717 1026 1798 pudor.
1118 1717 1161 1780 30

206 1820 280 1886 ‘Ubi
296 1817 437 1896 iudicat,
459 1815 518 1902 qui
541 1826 686 1893 accusat,
710 1815 775 1893 vis,
798 1837 865 1882 non
885 1817 957 1896 lex,
980 1818 1080 1884 valet.

170 1924 189 1963 *
214 1923 281 1989 Ubi
299 1943 384 1988 emas
405 1919 522 1997 aliena,
546 1918 712 2003 disperdes
734 1941 862 2005 semper
878 1932 947 1987 tua.

227 2113 402 2178 Praeterea
416 2104 551 2195 egregie
565 2103 745 2174 restituitur
756 2129 791 2176 v.
811 2110 885 2176 768.
910 2110 1040 2178 Orellii.
1064 2110 1160 2194 (cfr.

143 2214 327 2280 ‘Botbium
344 2235 381 2298 p.
401 2214 494 2296 257.)

119 2364 122 2371 ¹
213 2336 280 2404 Ubi
297 2335 343 2401 nil
362 2336 507 2414 timetur,
530 2338 621 2423 quod
637 2334 805 2415 timeatur,
828 2335 984 2406 nascitur.

234 2527 352 2594 Codex
370 2537 475 2592 autem
495 2524 689 2591 Basileensis
710 2528 768 2591 has
787 2525 992 2611 potissimum
1013 2531 1161 2595 emenda·

169 2631 274 2699 tiones
295 2628 577 2696 sumministravit:
904 2608 913 2629 ’

213 2755 341 2820 Bonum
353 2756 443 2841 quod
451 2765 510 2832 est,
525 2751 747 2837 supprimitur,
763 2738 922 2842 nunquam
932 2752 1160 2842 exstinguitur.

211 2858 321 2922 Breve
342 2877 497 2921 venenum
515 2855 588 2940 ipsa
607 2869 656 2921 est
676 2858 833 2922 memoria
852 2858 1050 2925 iracundiae.
1118 2859 1161 2923 35

211 2957 367 3026 Faoilitas
384 2957 481 3023 animi
498 2961 539 3021 ad
556 2970 680 3040 partem
698 2959 850 3025 stultitiae
869 2962 968 3045 sapit.

212 3063 309 3131 Facit
329 3075 455 3149 gratum
477 3063 642 3139 Fortuna,
666 3084 763 3148 quum
781 3084 876 3130 nemo
900 3064 1002 3132 videt.

211 3171 356 3233 Fortuna
372 3169 544 3230 humanum
563 3163 636 3249 plus
654 3187 750 3252 quam
772 3166 941 3231 eonsilium
960 3168 1060 3234 valet.

213 3269 369 3336 Graviust
384 3271 521 3348 malum,
540 3267 626 3335 comi
645 3271 735 3356 quod
757 3283 889 3353 aspectu
913 3271 1004 3338 latet.

211 3374 389 3461 Ignoscere
399 3373 610 3451 bominumst,
626 3371 688 3437 nisi
698 3375 798 3459 pudet
808 3373 888 3462 quoi
898 3374 1092 3462 ignoscitur.
1116 3377 1160 3441 40

525 3521 545 3558 tu
650 3555 670 3593 ᾖ
778 3513 797 3552 'tt

231 3655 411 3722 Admonuit
424 3679 474 3722 me
488 3640 591 3740 nuper
605 3656 747 3740 optimus
763 3657 883 3724 amicus
893 3658 1056 3726 Bardilius
1066 3660 1157 3745 prin-

168 3759 273 3844 cipem
292 3759 463 3826 editionem
482 3759 669 3826 Germanici
685 3761 822 3845 proprie
837 3784 904 3828 non
918 3785 987 3829 esse
997 3766 1156 3829 Venetam

152 3991 163 4011 ,
221 3941 247 4001 1)
265 3946 292 3992 Id
309 3949 361 3992 est:
382 3950 425 4001 „st
441 3947 466 3992 in
485 3946 564 3991 otiosa
581 3947 631 3992 vita
648 3950 775 4003 praeterea
792 3947 871 3991 minue
888 3961 960 3992 curae
981 3953 1018 3993 est
1038 3960 1109 4007 quarn
1132 3949 1155 3995 in

167 4016 268 4074 regno.”
302 4014 332 4076 2)
350 4017 398 4063 rita
417 4017 567 4064 atrectatu
585 4017 662 4063 codd.
683 4017 770 4076 ubique
788 4023 964 4075 permutantur.
