2864 4622
1140 316 1202 389 189

203 462 365 547 Nullaque
387 483 453 528 nox
474 461 523 526 bis
544 473 635 526 terna
657 460 759 525 minus
781 461 873 527 caelo
894 458 994 523 trahit
1013 469 1117 534 astra3

202 567 364 649 Nullaque
387 567 487 629 maior
509 566 586 641 erit,
610 586 702 648 quam
725 577 843 649 quanto
866 575 1011 646 tempore
1032 563 1181 626 inauras

203 669 302 734 Orbis
323 669 458 750 perfecti
479 668 598 731 divisus
619 669 743 730 tollitur
765 689 870 730 arcus.
1139 665 1201 730 575

245 773 348 853 Saepe
369 773 449 834 velis
472 782 620 854 quantum
643 782 773 851 superet
795 789 994 854 cognoscere
1014 767 1117 832 noctis

201 874 248 937 Et
268 895 328 955 spe
347 885 498 937 venturae
520 874 619 935 solari
640 885 774 954 pectora
795 874 886 935 lucis.

201 979 311 1042 Prima
333 977 389 1039 tibi
411 988 485 1040 uota
509 976 593 1038 Solis
616 975 698 1048 erit,
723 994 788 1059 quo
811 974 914 1037 sidere
936 987 1069 1049 currat,

146 1128 152 1133 -
204 1081 338 1162 Semper
360 1081 442 1142 euim
464 1079 557 1163 siguo
581 1079 735 1142 Phoebus
757 1077 892 1140 radiabit
913 1077 944 1140 in
967 1099 1051 1141 uno:

114 1169 132 1185 ⁹
203 1181 323 1246 Cetera
344 1193 409 1247 tum
430 1181 571 1262 propriis
594 1180 733 1256 ardentia
755 1180 880 1261 suspice
901 1181 1052 1258 flammis,
1085 1200 1097 1209 “
1139 1179 1210 1242 581)Δ

203 1286 303 1365 0888
323 1288 414 1347 cadat
436 1297 490 1347 aut
509 1295 621 1368 surgat
642 1303 806 1347 summove
828 1284 950 1347 feratur
971 1284 1003 1346 in
1026 1285 1123 1357 orbe,

203 1388 395 1470 Qirautoque
418 1386 562 1450 exsiliant
582 1386 703 1467 spatio,
728 1409 824 1470 quum
847 1387 974 1453 caerula
994 1386 1158 1471 linquuut;

201 1493 349 1574 Namque
371 1490 439 1555 aliis
461 1490 576 1571 pernix
598 1491 717 1565 saltus,
743 1488 862 1553 maiore
884 1493 1055 1567 trahuntur

203 1594 298 1658 Mole
320 1593 394 1669 alia,
420 1594 582 1658 Oceanum
603 1594 696 1655 tardo
718 1592 890 1676 linquentia
910 1614 1018 1675 passu.

203 1697 300 1777 Quod
320 1696 348 1758 si
369 1697 452 1759 nube
474 1717 552 1759 cava
574 1695 658 1759 Solis
682 1695 731 1757 via
751 1696 838 1759 forte
860 1694 989 1772 latebit,
1015 1754 1019 1759 ,
1139 1695 1200 1759 585

204 1799 342 1891 Occulet
364 1811 417 1861 aut
437 1799 562 1883 siguum
583 1800 800 1865 conscendens
823 1800 942 1865 vertice
964 1799 1086 1863 caelum

202 1901 299 1967 Altus
321 1903 429 1993 Athos
452 1901 503 1965 vel
528 1900 661 1981 Cyllene
684 1902 734 1965 vel
758 1901 906 1967 candidus
928 1904 1090 1980 Haemus,

203 2005 374 2090 Gargaron
397 2015 451 2067 aut
472 2004 528 2066 Ide
550 2004 726 2086 Superisve
748 2006 886 2088 agitatus
908 2006 1082 2088 Olympus,
1130 2054 1137 2060 .

205 2109 297 2171 Tunc
319 2106 441 2170 dextra
454 2107 614 2191 laevaque
630 2107 721 2171 simul
742 2107 907 2172 redeuntia
928 2109 1027 2194 signis

202 2309 321 2369 Bocgsn.
342 2322 372 2353 ex
389 2309 504 2367 interpol.
524 2309 586 2353 facta
605 2315 703 2365 propter
727 2311 845 2356 defectum
868 2326 947 2363 veros.
967 2304 1093 2369 praecede.
1130 2311 1203 2371 (576)
1221 2338 1255 2361 v-

202 2377 294 2438 noctie]
313 2378 430 2438 stegen.
452 2401 481 2411 -
501 2379 615 2423 noctibus
634 2383 662 2425 A.
709 2377 935 2449 (577)]8818188]
953 2382 1029 2441 Agslr.
1048 2406 1081 2417 -
1100 2390 1203 2427 venturo

201 2449 253 2495 BE.
273 2448 325 2517 (De
341 2448 372 2494 G.
392 2462 438 2492 non
460 2450 518 2493 88118
540 2451 655 2505 constat.)
699 2443 775 2511 (578)
793 2476 826 2486 --
845 2451 910 2512 quod
931 2453 961 2497 A.
999 2450 1086 2511 (ibid.)
1104 2451 1203 2511 currui]

202 2519 302 2578 negeb.
328 2541 361 2553 ·-·
388 2525 473 2562 curret
495 2520 542 2573 A.‚
574 2522 616 2563 sed
638 2533 759 2575 superscr.
779 2535 804 2567 o.
827 2543 858 2557 -·-
876 2523 957 2567 currit
970 2523 1000 2566 lt.
1037 2520 1108 2578 (579)
1127 2524 1204 2584 signo

201 2587 324 2646 Phoebus]
343 2589 374 2633 A.
396 2598 427 2631 =
447 2585 559 2633 Phoebus
573 2590 779 2650 siguoBEGgsb.
816 2589 903 2650 (lbid.)
921 2590 1042 2651 radiabit]
1053 2593 1092 2637 Sic
1105 2595 1201 2648 scripsi.
1243 2582 1244 2589 ἵ

202 2680 238 2695 -
255 2657 362 2703 radiavit
385 2657 416 2702 A.
448 2679 478 2691 ·-
510 2658 637 2704 radicatis
658 2660 746 2718 Bttcg.
774 2682 804 2694 -
830 2661 947 2706 radiatur
968 2664 996 2706 de
1025 2676 1050 2721 5·
1076 2663 1139 2707 coni.
1164 2663 1201 2708 sb.

203 2725 276 2784 (580)
292 2726 418 2787 propriis]
436 2728 466 2772 A.
481 2731 610 2787 -proris
626 2730 715 2790 uttGg.
735 2755 768 2764 -
781 2732 873 2790 pronis
886 2733 913 2776 de
925 2745 950 2791 g.
968 2735 1032 2777 coni.
1053 2732 1091 2776 sb.
1110 2730 1204 2794 (thid.)

203 2795 314 2856 suspice]
332 2798 382 2845 ΒΕ.
401 2801 437 2854 (ut
455 2802 549 2845 emend.
565 2800 601 2858 g.)
620 2801 658 2844 sb.
680 2823 709 2833 -
729 2804 830 2860 eutecipe
845 2801 918 2861 Aeg.
956 2801 995 2861 (ln
1016 2803 1046 2846 A.
1067 2817 1081 2846 8
1099 2816 1148 2847 sec.
1166 2817 1200 2847 m.

202 2869 301 2913 veroum
319 2869 364 2912 hoc
383 2868 519 2923 superscr.)
565 2867 635 2924 (581)
662 2868 743 2931 Quod]
763 2872 802 2916 Sic
823 2874 919 2927 scripsi.
939 2871 1057 2933 -Quid
1075 2872 1201 2931 ABEng.

203 2932 296 3000 (1818.)
323 2943 366 2981 ont
389 2935 490 2996 surget]
510 2938 561 2982 ΑΕ.
583 2940 618 2994 (ut
642 2943 734 2985 emend.
755 2937 793 3000 g.)
812 2943 849 2986 sb.
874 2966 906 2975 —
926 2948 952 2987 ut
969 2948 1061 3002 surgat
1075 2942 1149 2987 BEG.
1171 2962 1204 2976 -

203 3007 297 3069 Quique
315 3006 408 3050 cudant
430 3012 540 3067 surgunt
559 3029 587 3039 —
601 3006 724 3065 seruntur
743 3025 764 3055 s.
788 3012 852 3055 coni.
872 3035 904 3044 ·-
923 3012 1037 3055 88888888
1053 3012 1082 3056 A.
1120 3012 1205 3067 (lbid.)

202 3080 230 3122 18
254 3074 323 3135 orbe]
351 3077 382 3120 A.
409 3098 438 3108 -
467 3076 498 3119 85
525 3076 583 3120 orbe
607 3077 724 3136 BEGgsb.
770 3078 842 3135 (582)
870 3078 1023 3141 Quantoque]
1047 3081 1077 3124 A.
1106 3079 1204 3125 firmans

145 3181 147 3185 .
203 3149 321 3193 emendet.
345 3160 366 3190 s.
392 3170 426 3180 -
456 3145 712 3208 (78881888811658Ἰ
743 3141 837 3211 (thid.)
855 3151 964 3194 exilient
989 3148 1081 3207 epotio]
1100 3151 1203 3210 eroge.

203 3242 237 3252 -
255 3217 365 3260 exiliunt
381 3216 463 3272 spotia
485 3216 508 3259 8.
529 3240 561 3249 -
581 3218 656 3260 exilii
675 3219 783 3275 ntspotio
803 3219 832 3263 A.
880 3220 968 3277 (ibid.)
986 3219 1111 3280 linquunt]
1131 3223 1158 3267 de
1177 3235 1202 3281 g.

203 3287 296 3335 crneud.
315 3287 352 3329 sb.
375 3307 404 3317 -
424 3287 520 3329 lincunt
535 3287 564 3333 A.
584 3309 617 3320 -
635 3288 737 3347 lingunt
750 3288 839 3347 BEGg.
875 3286 948 3346 (583)
968 3289 1029 3333 81118
1040 3293 1138 3347 pernix
1151 3293 1202 3337 rol-

142 3371 150 3380 ·
202 3364 258 3411 tue,
278 3353 384 3414 maiore]
403 3356 442 3399 Sic
460 3356 561 3410 scripsi,
582 3370 626 3400 uua
644 3358 712 3402 litera
733 3359 811 3405 addita
831 3360 927 3403 lectioni
946 3361 988 3407 A:
1009 3383 1042 3392 -
1060 3361 1123 3404 81118
1142 3375 1203 3418 per-

202 3428 251 3471 nix
269 3427 336 3469 saltu
355 3425 459 3468 maiore.
480 3448 512 3458 -·
537 3426 597 3469 aliie
613 3428 709 3484 pernix
726 3428 794 3472 atius
812 3429 907 3471 maiore
928 3430 957 3473 tt.
979 3451 1008 3461 -
1028 3430 1095 3473 otius
1113 3425 1158 3491 (E.
1180 3433 1204 3476 iu

202 3509 279 3552 ruarg.
299 3495 359 3549 „AL
386 3493 483 3548 ollis.”)
505 3496 602 3549 pernix
625 3497 692 3541 81188
720 3498 815 3541 unctiore
843 3497 912 3556 EGg.
943 3519 973 3531 -
1000 3499 1072 3543 aliud
1090 3502 1205 3561 888818)

202 3563 274 3610 uliud
291 3565 387 3608 maiore
403 3566 431 3609 de
446 3577 471 3622 g.
492 3565 555 3608 coni.
576 3565 613 3609 ab.
651 3567 737 3622 (1818.)
755 3565 900 3628 truduntur]
917 3568 947 3616 A.
967 3589 1000 3601 ·-
1020 3567 1132 3614 188188188-
1151 3571 1203 3614 ΒΕ.

203 3634 279 3694 Ggsh.
317 3632 387 3691 (581)
404 3632 471 3677 Molo
492 3633 556 3693 8118]
574 3641 602 3679 A.
625 3657 654 3668 -
672 3634 740 3680 Molo
758 3638 809 3685 8118
829 3637 950 3697 ntegro.
988 3638 1073 3694 (thid.)
1090 3641 1204 3698 linquens,

201 3704 296 3765 tiolA.
318 3710 343 3748 nt
361 3704 457 3749 volebat
477 3717 501 3762 g.
524 3705 562 3748 sb.
584 3728 617 3739 -
634 3706 755 3764 liquentia
774 3707 863 3766 ΒΕΘ),
912 3706 986 3765 (585)
1005 3707 1076 3768 (lund
1094 3711 1118 3753 81
1140 3709 1203 3752 8888

202 3772 272 3832 coro]
291 3775 319 3818 88
334 3787 359 3831 g.
379 3775 441 3818 8881.
459 3774 536 3816 8.-
556 3773 626 3835 Quod
646 3776 702 3818 eine
723 3776 786 3820 nubs
804 3791 865 3821 coro
886 3778 915 3822 Ar.
938 3800 968 3810 -
988 3776 1059 3838 Quod
1080 3782 1134 3822 sine
1146 3776 1202 3838 fine

202 3858 264 3888 cara
288 3843 376 3901 BEGg.
407 3864 436 3874 -
464 3842 535 3904 (lund
557 3845 581 3889 ei
599 3844 662 3888 uode
684 3846 763 3905 nigro
785 3860 806 3890 s.
827 3848 890 3893 coni.
927 3848 987 3892 Post
1002 3848 1063 3891 8888
1081 3861 1119 3890 vv.
1141 3845 1201 3895 585.

204 3916 283 3957 omnia
302 3913 487 3957 Phaenomenou
510 3914 560 3958 sine
582 3913 631 3956 ullo
649 3915 754 3959 defectus
775 3916 843 3975 signo
863 3917 949 3962 absunt
971 3931 985 3960 a
1002 3916 1046 3959 Cd.
1067 3918 1112 3970 A.;
1143 3916 1202 3958 unde

204 3985 312 4041 deinceps
331 3983 359 4027 ad
377 3987 427 4025 tres
450 3984 570 4026 dumtaxat
585 3983 644 4026 Gdd.
664 3982 738 4032 BEG.
759 3987 865 4030 eiusdem
880 3987 983 4030 familiae
1000 3985 1089 4027 reducti
1111 3995 1202 4031 sumus.
1259 4012 1260 4015 =
