2870 4626
286 294 325 355 16

285 431 391 516 sicque
415 433 478 498 Cd.
502 435 603 514 Pith.)
626 457 660 499 v.
686 437 716 499 7.
740 437 857 519 gravis
872 439 1010 505 omniuo
1031 439 1156 502 insueti
1173 460 1278 505 sonus

284 537 376 614 (teste
393 538 478 601 Gud.
495 568 532 602 =
545 538 662 621 gravis
676 540 815 602 omuino
834 540 977 603 insuetis
995 563 1081 604 onus
1096 541 1157 605 Cd.
1175 544 1277 622 Pith.)

285 661 318 699 v.
344 640 395 701 tt.
419 651 457 701 ut
478 651 703 724 compesceret
726 645 821 722 (teste
843 641 948 706 Gudio
978 665 1054 726 pag.
1089 645 1141 706 23.
1167 644 1276 728 sicque

285 739 347 805 Cd.
372 741 476 820 Pith.)
1001 770 1005 773 ·

346 846 421 907 Hoc
445 865 522 909 vero
543 845 674 908 firmiter
698 848 864 909 tenendum
894 860 962 923 est,
994 870 1117 912 omnem
1141 850 1277 912 varieta-

283 957 345 1010 tem
376 969 393 1008 a
422 948 572 1015 Gudioe
599 952 673 1011 Ms.
698 949 841 1022 allatam,
879 949 970 1012 etiam
1001 951 1028 1012 si
1058 974 1120 1013 non
1151 973 1275 1032 semper

272 1049 437 1112 ¹addiderit
457 1054 576 1125 Rem.,
612 1053 712 1133 (quod
743 1061 846 1112 tamen
872 1054 989 1114 crebro
1014 1052 1102 1129 lacit)
1131 1076 1192 1116 uon
1218 1055 1273 1115 ali-

280 1156 361 1215 unde
389 1155 532 1214 haustam
566 1173 749 1235 essequam
775 1174 793 1215 e
815 1152 877 1216 Cd.
902 1153 1064 1218 Remeusi.
1117 1156 1215 1217 Velut
1242 1156 1273 1218 in

253 1274 255 1277 ·
282 1255 332 1318 his
352 1277 410 1317 sex
429 1253 616 1343 lectionibus
630 1254 752 1316 tertiam
771 1255 905 1338 queris,
930 1268 1073 1338 qttartam
1087 1257 1157 1333 tte,
1183 1258 1276 1340 nstin,

281 1369 344 1421 tam
370 1356 488 1439 gravis
513 1369 575 1419 eet.
597 1376 662 1420 non
695 1359 798 1438 potuit
826 1361 989 1441 desumere
1021 1379 1061 1421 ex
1086 1359 1274 1440 Appendiee

279 1460 478 1533 Pithoeana,
501 1460 556 1521 ubi
578 1481 640 1522 non
656 1472 889 1537 memorantur,
913 1472 946 1523 et
963 1460 992 1522 in
1019 1474 1108 1524 sexta
1130 1473 1168 1523 ut
1182 1483 1273 1525 com·

276 1573 462 1645 poscereta
485 1563 625 1626 Pithoeo
644 1562 760 1638 relata,
785 1563 870 1625 addit
891 1567 984 1636 „Ms
1002 1567 1098 1627 Rem.
1114 1575 1146 1627 et
1160 1564 1273 1628 Pitb.''

282 1666 379 1743 Quod
408 1685 487 1727 vero
515 1664 547 1726 in
570 1663 671 1745 prima
693 1666 755 1728 dos
781 1664 913 1749 Rigaltii
941 1678 1059 1728 tantum
1094 1666 1273 1730 testimonio

258 1766 395 1843 utitur,
420 1788 516 1832 exeo
539 1767 757 1848 explicandum
777 1779 843 1843 est,
868 1770 954 1843 quod
973 1769 1065 1830 variis
1079 1769 1274 1850 temporibus

280 1882 310 1932 et
334 1882 484 1954 quattuor
514 1870 546 1933 in
574 1870 806 1951 exemplaribus
828 1870 1043 1933 annotationes
1072 1891 1144 1932 suas
1162 1891 1274 1935 enara-

278 1972 336 2035 vit.
380 1973 440 2035 Illa
463 1972 578 2057 igitur,
602 1972 633 2034 in
660 1995 721 2054 qua
748 1973 887 2053 disputat
908 1975 946 2034 de
973 1973 1107 2036 lectione
1128 1974 1208 2048 dos,
1232 1993 1272 2036 eo

278 2086 423 2156 ternpore
443 2075 544 2138 literis
567 2078 710 2137 mandata
735 2075 877 2150 videtur,
915 2096 979 2157 qun
1009 2078 1144 2137 nondum
1167 2075 1272 2138 Phae·

279 2179 327 2240 dri
349 2179 490 2241 codicem
523 2179 710 2242 Remeusem
748 2176 939 2242 excusserat.
977 2178 1150 2259 'Supplere
1172 2165 1270 2260 igilur

201 2314 203 2319 v
278 2295 310 2345 et
338 2281 502 2365 corrigere
532 2281 686 2344 interdum
721 2302 737 2343 e
775 2278 872 2354 Gudii
905 2279 988 2341 ettris
1026 2279 1118 2343 debui
1142 2280 1270 2342 schedas

277 2384 459 2457 Vincentii3
491 2405 556 2467 quo
582 2384 669 2446 sacto
700 2393 730 2444 et
757 2381 900 2443 instituta
925 2381 1070 2444 continua
1103 2402 1269 2463 compara·

277 2487 364 2550 tione
383 2485 550 2549 Pithoeaui
567 2483 708 2547 intellexi
730 2483 785 2544 vix
799 2482 869 2545 fieri
883 2504 995 2564 posse,
1020 2496 1053 2546 ut
1074 2483 1106 2545 in
1121 2484 1271 2547 Remensi

233 2662 235 2669 y
277 2589 391 2651 multae
414 2588 565 2651 lectiones
590 2589 693 2648 bonae
713 2585 815 2670 frugis
838 2586 1032 2661 delituerint,
1055 2606 1133 2670 quae
1151 2598 1270 2648 utrum·

277 2713 356 2776 que,
378 2702 408 2752 et
431 2690 566 2753 Gudium
588 2701 620 2751 et
645 2689 868 2762 Vincentium,
892 2688 1045 2773 fugerint.

310 2807 312 2815 ’
339 2795 468 2856 Interua
490 2802 592 2854 autem
615 2791 736 2854 indoles
763 2790 825 2854 Cd.
848 2791 1010 2854 Remeusis
1031 2792 1182 2856 eiusmodi
1196 2791 1267 2869 suit,

275 2908 310 2959 ut
336 2895 458 2979 aliquot
487 2894 638 2957 lectiones
668 2892 813 2957 meliores
843 2894 1027 2957 Pithoeauis
1059 2893 1267 2971 continuerit,

275 2998 374 3061 veluti
401 2995 503 3059 statim
539 2995 658 3077 primas
694 2996 760 3067 illas
782 2996 845 3059 dos
869 3018 930 3077 pro
957 3018 1048 3069 mos,
1068 2995 1184 3087 fauce
1206 3018 1267 3078 pro

271 3101 369 3190 face.
413 3098 552 3164 Omnino
576 3101 763 3162 Remensem
786 3098 994 3182 antiquiorem
1012 3108 1092 3179 puto
1117 3099 1211 3162 fuisse
1231 3121 1266 3163 v.

274 3227 305 3266 c.
329 3204 405 3266 Lib.
429 3203 466 3278 2,
491 3202 527 3277 9,
563 3204 594 3263 1.
618 3199 674 3277 ubi
692 3223 775 3263 nunc
797 3222 813 3263 e
837 3200 899 3264 Cd.
924 3201 1050 3263 Perotti
1075 3212 1106 3263 et
1124 3223 1164 3263 ex
1182 3201 1267 3265 felici

275 3306 371 3372 Gudii
398 3305 483 3369 coni.
512 3304 628 3389 legitur
654 3303 784 3385 Aesopi
811 3302 967 3386 ingenio,
1005 3304 1098 3365 Rem.
1133 3305 1268 3371 habebat

274 3409 403 3490 Aesopi
430 3409 627 3490 ingentem,
655 3406 821 3490 vestigium
851 3405 950 3490 igitur
984 3404 1141 3477 veritatis,
1176 3405 1265 3469 Pith.

274 3533 354 3574 vero
378 3511 537 3593 vulgatam
570 3522 639 3570 ante
665 3509 801 3572 Gudinm
833 3510 969 3591 Aesopo
997 3509 1179 3591 ingentem.
1223 3510 1269 3571 Et

274 3613 321 3676 sic
339 3614 501 3693 complura
523 3612 553 3673 iu
576 3612 663 3674 Pith.
687 3632 822 3691 prorsus
837 3622 987 3690 corrupta
1006 3609 1164 3688 reperies,
1188 3631 1268 3692 quae

274 3716 400 3779 nonnisi
422 3736 438 3777 e
461 3714 615 3795 scriptura
643 3713 743 3775 levius
773 3714 883 3774 affecta
917 3711 1081 3774 Remensis
1113 3712 1268 3792 explicari

273 3829 419 3902 possunt.
465 3818 561 3898 Quod
583 3827 684 3878 autem
701 3817 739 3876 ad
754 3827 859 3878 totum
877 3835 995 3895 corpus
1010 3814 1162 3892 pertinet,
1186 3815 1266 3878 adeo

274 3933 347 3986 sunt
367 3920 482 3984 similes
501 3921 596 3985 Rem.
617 3931 648 3983 et
670 3917 777 3996 Pith.,
803 3928 838 3981 ut
856 3916 907 3980 hic
924 3938 965 3980 ex
985 3916 1040 3980 illo
1063 3918 1114 3978 vel
1136 3927 1266 3998 uterque
