2834 4630
250 337 312 412 tu

247 491 343 566 lieet,
379 492 404 551 si
427 502 528 551 tamen
555 491 585 552 in
607 489 742 571 imagine
764 499 826 549 tam
848 498 1020 570 pervagata
1046 497 1142 568 atque
1172 487 1254 549 haec

248 606 316 656 est:
341 594 435 655 tauri
453 595 516 656 crab
537 593 672 655 hirsuta
690 596 781 652 tatus
799 590 994 672 explicuere
1015 580 1198 671 genistaei
1218 589 1253 651 in

247 696 355 759 verbis
377 718 438 758 nee
460 719 512 758 me
533 697 688 761 Phoebus
710 695 850 777 respicit
872 694 934 755 ulla
960 715 1096 776 unquam
1116 684 1251 756 imitatio

245 801 353 864 locum
377 801 499 861 habuit.

264 896 266 900 ’
310 904 407 983 Quod
435 903 496 964 iam
524 905 564 964 ad
587 902 728 964 criticam
752 901 907 982 poematis
938 900 1067 962 huiusce
1093 900 1248 962 rationem

245 1007 371 1082 attinet,
396 1007 443 1067 illi
462 1006 552 1068 etiam
573 1004 751 1088 philologi,
777 1004 830 1088 qui
848 1006 1009 1067 lautorum
1025 1002 1132 1084 potius
1153 1024 1249 1087 quam

243 1112 512 1193 reprehensorum
535 1111 677 1191 partibus
700 1106 877 1189 susceptis,
908 1107 940 1168 in
962 1129 1001 1169 eo
1025 1106 1246 1180 elaborarunt,

243 1224 279 1274 ut
307 1214 339 1274 in
368 1215 526 1295 integrum
559 1213 761 1275 restituerent
794 1210 981 1292 opuseulum
1018 1230 1246 1290 saepenumero

243 1326 451 1396 corruptum,
476 1337 511 1377 ea
531 1314 562 1377 in
584 1337 620 1377 re
640 1317 772 1377 maxime
794 1335 943 1396 peccasse
968 1312 1136 1388 ridentur,
1161 1315 1247 1396 qnod

243 1422 283 1481 ad
304 1418 481 1500 perfectam
504 1416 671 1481 meliorum
690 1430 826 1480 aetatum
844 1417 1012 1481 formulam
1035 1416 1066 1479 id
1089 1416 1243 1494 exacturi,

243 1522 446 1586 coniecturae
461 1521 605 1584 licentius
624 1521 832 1584 indulserunt.
878 1520 1030 1585 Certatim
1047 1541 1128 1605 ergo
1147 1540 1246 1606 usque

242 1630 281 1688 ad
297 1627 484 1690 hodiernum
500 1626 580 1690 diem
592 1627 769 1691 cumulatae
781 1636 851 1687 sunt
862 1625 1117 1701 emendationes,
1142 1627 1245 1708 suspi-

242 1731 370 1807 ciones,
409 1731 632 1794 traiectiones:
669 1729 766 1814 idque
796 1729 895 1791 minias
920 1729 1013 1791 etiam
1049 1728 1160 1791 mirum
1194 1734 1245 1795 vel

241 1834 333 1910 ideo,
366 1837 453 1919 quod
476 1857 516 1897 ex
539 1834 617 1917 ipsis
641 1834 742 1915 Lipsii
766 1844 860 1917 atque
883 1832 1029 1895 Salmasii
1051 1832 1138 1897 curis
1159 1836 1245 1895 haud

241 1939 318 2001 satis
342 1951 429 2001 certe
454 1938 531 2001 sciri
554 1949 702 2020 poterat,
728 1937 803 2021 quid
822 1939 944 1998 tandem
966 1935 1118 2017 scriptum
1139 1949 1244 2000 exstet

239 2042 272 2106 in
296 2040 469 2105 Codicibns
491 2042 553 2104 illis
569 2043 718 2115 duobus,
758 2040 813 2124 qui
837 2051 970 2102 aetatem
996 2040 1157 2116 tulerunt,
1182 2042 1244 2103 sei-

239 2146 314 2208 licet
336 2145 548 2220 Salmasiano,
574 2167 657 2207 nunc
672 2144 796 2228 Regio,
822 2144 907 2207 nullo
924 2165 1058 2207 numero
1076 2144 1240 2227 insignito,

240 2249 348 2312 Seeuli
380 2250 463 2312 VII.
502 2250 553 2313 vel
585 2250 686 2313 VIIl.
715 2248 853 2311 ineuntis
885 2261 917 2309 et
954 2247 1134 2312 Pithoeano
1172 2249 1240 2311 sive

241 2353 398 2416 Tbuaneo
423 2375 506 2415 nunc
522 2351 627 2415 itidem
645 2353 751 2436 Regio
767 2354 812 2415 N.
823 2353 919 2414 8071.
956 2352 1029 2413 Sec.
1048 2352 1113 2414 IX.
1129 2353 1180 2414 vel
1192 2355 1239 2415 X.

238 2455 374 2519 ineuntis
386 2457 430 2536 ᾗ).
474 2457 634 2519 Intererat
656 2457 754 2541 igitur
782 2455 944 2518 literarum
969 2453 1174 2530 Latinarum,
1206 2468 1240 2518 ut

237 2562 363 2621 tandem
383 2559 549 2641 utriusque
574 2558 670 2622 lectio
694 2560 871 2622 accuratius
896 2580 988 2640 qttam
1008 2579 1144 2642 unquam
1167 2572 1238 2623 ante

236 2663 354 2726 laetum
370 2675 418 2726 est
432 2674 692 2744 proponeretur3
717 2665 804 2747 quod
826 2674 860 2725 ut
881 2661 952 2723 fieri
973 2674 1082 2742 posset
1104 2664 1239 2732 dirorum

238 2764 411 2829 amicorum
441 2764 569 2846 prolixa
598 2765 703 2827 effecit
729 2765 921 2849 benignitas.
967 2764 1127 2827 Videlicet
1153 2767 1239 2830 Silli-

236 2868 307 2953 gius
341 2868 424 2930 misit
452 2868 526 2930 mihi
552 2869 775 2953 apographum
813 2868 898 2934 Cod.
935 2869 1106 2934 Pithoeani
1136 2869 1237 2933 eolla-

235 2983 395 3034 truncum
423 2970 640 3051 Salmasiano,
680 2973 870 3037 Hautbalius
896 2974 1117 3089 apographum
1144 2972 1238 3037 hanins

233 3077 383 3140 collatum
403 3097 473 3138 curn
491 3075 568 3150 illo3
592 3078 671 3137 adeo
694 3089 744 3152 nt,
768 3076 962 3158 paucissimis
982 3076 1085 3159 iisque
1103 3077 1236 3141 levioris

233 3178 386 3243 momenti
408 3179 568 3259 exeeptis,
606 3200 667 3260 pro
697 3192 788 3243 certo
818 3202 900 3243 nunc
926 3183 1048 3243 demum
1075 3181 1233 3257 sciamus,

233 3283 362 3398 quidm
385 3281 521 3365 singulis
544 3293 677 3366 uterque
699 3283 859 3346 exhibeat.
904 3284 972 3347 lam
994 3305 1074 3347 vero
1096 3297 1130 3346 ut
1155 3286 1234 3347 anti-

232 3386 345 3472 quior,
383 3386 430 3448 sic
462 3385 554 3446 etiam
584 3387 670 3468 quod
692 3389 732 3447 ad
760 3386 974 3450 lectionem
965 3408 1067 3467 ipsam
1097 3388 1235 3477 pertinet

230 3491 328 3573 longe
343 3488 556 3570 praestantior
575 3499 622 3549 est
638 3489 869 3564 Salmasianus,
893 3490 934 3553 ita
956 3503 1137 3565 tamen,‘ut
1153 3514 1233 3555 non·

230 3594 315 3655 ncilla
339 3590 519 3657 necessario
547 3593 767 3657 ePithoeano
791 3594 911 3677 corrigi
934 3597 1096 3657 debeant.=
1128 3597 1232 3657 'l'anta

230 3708 279 3759 est
303 3709 406 3759 autern
431 3699 513 3761 inter
541 3711 710 3782 utrumque
740 3698 966 3778 discrepantia,
1002 3710 1037 3760 ut
1065 3698 1231 3761 manifesto

230 3821 272 3862 ex
289 3799 422 3862 diversis
448 3800 680 3882 exemplaribus
704 3803 765 3865 sint
788 3802 951 3882 descripti.
1010 3804 1076 3865 Iam
1104 3801 1231 3863 tertium

279 3945 302 4000 *)
321 3948 426 3991 Consule
445 3950 473 3992 de
493 3955 594 4006 utroque
613 3965 655 4002 ea,
676 3964 734 4007 quae
754 3952 913 4010 Silligiusv
933 3953 962 3996 0.
983 3951 1134 4008 disputavit·
1128 3950 1231 3995 aulahn

228 4014 385 4063 Jahrbia'rlier
403 4016 484 4063 Bcnd.
506 4020 574 4064 vtlt
594 4034 618 4075 p.
639 4018 698 4066 201.
