2834 4630
170 453 317 535 Quorum
339 471 381 515 ex
395 448 539 537 reliquiis
554 449 689 513 animam
710 470 770 514 nos
792 447 984 532 accipimus,

169 556 247 640 Ego
266 554 419 640 eloquens
440 553 474 617 in
493 576 590 637 pace,
612 551 713 619 fortis
737 550 887 636 proeliis,

168 659 253 723 Arte
279 657 366 722 omni
386 657 539 740 princeps
561 657 646 720 inter
665 656 813 742 aequales
834 655 894 719 sui.

169 762 222 837 En
244 764 358 825 cuncta
380 760 495 824 levitas
513 760 617 844 putris
635 772 667 824 et
686 760 790 837 volito
813 758 909 824 cinis!
972 826 976 835 ,

147 865 224 953 *Tu
246 862 303 949 qui
319 861 409 927 fuisti
429 863 531 929 mulus
553 863 770 953 clitellarius,

172 967 401 1053 Quemcunque
420 966 523 1031 visum
545 979 593 1032 est
614 966 715 1031 laedis
735 967 837 1032 infixo
860 967 987 1032 aculeo.
1095 948 1100 961 ¹

171 1071 217 1134 Et
238 1071 349 1153 Vespa
373 1067 500 1154 dignam
526 1070 672 1135 moribus
689 1093 804 1135 vocem
824 1069 944 1135 edidit:

172 1174 251 1238 Non
270 1171 326 1258 qui
347 1172 518 1250 fuerimus,
540 1176 597 1238 sed
618 1173 674 1260 qni
692 1195 776 1238 nunc
793 1174 906 1249 simus,
928 1172 1016 1241 vide.
1062 1200 1066 1215 ¹
1119 1173 1160 1240 10

550 1398 648 1459 [ras.
674 1397 786 1459 xxm]

299 1572 320 1593 .-
352 1521 677 1589 TERRANEOLA
698 1524 761 1587 ΕΤ
782 1520 981 1589 VULPES.

373 1660 480 1717 Pravis
498 1680 556 1716 non
576 1680 636 1716 esse
651 1660 740 1742 fidem
762 1659 957 1716 adhibendam.

213 1792 318 1872 Avis,
342 1814 437 1880 quam
459 1792 568 1857 dicunt
588 1791 804 1860 terraneolam
824 1789 955 1869 rustici,

172 1896 214 1961 In
236 1907 325 1960 terra
345 1895 452 1959 nidum
476 1894 553 1983 quia
577 1895 743 1980 componit
765 1893 906 1971 scilicet,
975 1963 984 1973 ,

172 2000 278 2065 Forte
300 1997 484 2065 occucurrit
504 1997 672 2082 improbae
694 1982 913 2082 Vulpeculae3

124 2158 128 2165 ,
176 2101 250 2185 Qua
269 2101 357 2189 visa,
378 2101 492 2186 pennis
512 2102 606 2177 altius
628 2125 661 2167 se
683 2102 822 2166 sustulit.

176 2205 290 2282 Salve,
312 2203 417 2291 iuquit
436 2205 508 2282 illa,
531 2228 589 2270 cur
612 2227 662 2270 me
684 2204 815 2290 fugisti,
839 2204 1002 2273 obsecro?
1077 2218 1079 2224 '
1142 2203 1161 2268 5

175 2308 276 2392 Quasi
296 2330 362 2373 non
384 2310 507 2373 abunde
529 2306 571 2372 sit
591 2306 670 2372 mihi
691 2307 724 2372 in
745 2317 841 2392 prato
864 2306 955 2373 cibus
965 2308 998 2384 ,²

176 2408 294 2488 milli,
316 2410 498 2488 scarabaei,
519 2410 717 2479 locustarum
739 2409 869 2495 copiaex

175 2513 269 2580 Nihil
290 2525 356 2592 est,
378 2517 467 2600 quod
486 2525 623 2591 metuas,
645 2536 750 2600 rogo,
772 2524 804 2578 te
826 2514 958 2577 multum
980 2511 1101 2600 diligo,

176 2619 323 2701 Propter
343 2616 470 2704 quietos
492 2638 599 2687 mores
621 2629 653 2681 et
674 2617 772 2680 vitam
791 2621 943 2702 probam.

177 2719 361 2805 Respondit
382 2730 513 2786 contra:
540 2724 592 2785 Tu
612 2719 739 2807 quidem
761 2723 843 2790 bene
859 2719 1047 2804 praedicam
1123 2720 1165 2785 to

177 2825 257 2889 Non
278 2821 399 2887 eumin
422 2845 536 2908 campo
558 2846 618 2907 par
639 2822 715 2901 tibi,
739 2827 795 2889 sed
815 2848 883 2889 sum
904 2827 962 2890 sub
987 2823 1061 2891 dio:

181 2927 268 3011 Quin
288 2946 440 3012 sequere,
462 2926 594 2990 salutem
614 2925 675 2990 tibi
697 2926 864 2994 committo
887 2950 1000 2993 meam.

489 3182 493 3195 ι
550 3154 647 3216 [run.
670 3155 795 3216 rasin]

527 3278 820 3345 EPILOGUS.

451 3421 497 3473 na
513 3424 564 3489 aa,
586 3423 633 3491 ,u
650 3419 750 3490 egum
764 3419 893 3474 uterum.

225 3554 303 3617 Hoo
323 3540 541 3636 qualecunque
564 3561 611 3613 est
632 3551 730 3614 Musa
750 3554 839 3637 quod
860 3550 1045 3628 ludit-mea,

670 3724 679 3757 l

237 3837 297 3884 Fas.
317 3834 411 3881 LXX.-
440 3833 481 3891 (l)
495 3831 721 3892 praetervolitans]
735 3834 775 3877 Sic
788 3834 884 3888 scripsi.
901 3854 934 3867 -·
943 3832 1172 3891 praetendentem

184 3910 242 3954 ἵει.
278 3904 553 3965 (tellumonem.)
605 3901 646 3963 (l)
669 3900 897 3962 ‘eloqueue]1.Z.
925 3926 958 3938 -
987 3903 1090 3960 loquens
1112 3901 1170 3945 Vat.

185 3978 261 4034 neap.
