2870 4626
180 473 317 538 Librum
340 471 480 535 exarabo
501 465 626 531 tertium
648 460 770 544 Aesopi
790 461 883 537 stilo,

180 575 312 642 Honori
333 585 364 638 et
384 571 503 635 meritis
525 570 672 631 dedicans
692 566 778 629 illum
800 564 875 629 tuis.

181 677 285 757 Quem
308 674 335 739 si
356 677 461 758 leges,
486 672 647 742 laetah0r3
669 654 718 730 sin
740 681 843 730 autem
865 667 985 743 miurus,

180 780 354 842 Habebunt
375 789 480 850 certe,
505 793 569 856 quo
592 792 626 835 se
648 772 808 833 oblectent
829 769 963 851 posteri.

189 947 191 950 Α
225 883 340 953 Nurac,
364 880 538 949 lahularum
559 896 618 937 carr
640 875 679 937 sit
702 874 861 937 inventum
887 893 1005 956 genus,

181 984 282 1048 Brevi
303 985 440 1046 docebo.
486 979 628 1043 Servitus
650 977 805 1051 obnoxia,

183 1086 266 1165 Quia
289 1105 368 1169 quae
392 1084 517 1147 volebat
540 1090 601 1143 non
626 1084 758 1144 audehat
780 1080 904 1153 dicere,

181 1190 328 1253 Affectus
349 1186 499 1269 proprios
521 1185 550 1248 in
569 1184 702 1245 labellus
722 1182 882 1245 {tanstulit
955 1218 960 1223 ·
1023 1198 1028 1217 ’

183 1290 443 1372 Calumniamque
465 1288 545 1350 lictis
567 1286 659 1349 elusit
680 1285 771 1350 iocis.

180 1394 273 1457 Illius
295 1413 395 1475 porro
417 1387 480 1474 eg'o
501 1390 608 1452 semita
629 1388 692 1451 feci
715 1389 817 1463 viam,

181 1498 228 1560 Et
250 1495 388 1580 cogitavi
408 1494 500 1575 plura
523 1513 615 1576 quam
637 1492 826 1576 reliquerat,

181 1599 223 1661 In
244 1597 448 1659 calamitatem
471 1595 610 1680 deligens
632 1598 786 1679 quaedam
810 1617 923 1658 meam.

181 1700 327 1780 Quodsi
350 1711 513 1762 aecusator
534 1698 611 1761 alius
635 1697 750 1762 Seiano
771 1698 877 1774 ieret,

181 1803 219 1867 Si
239 1803 326 1866 testis
349 1802 443 1877 alius,
466 1801 561 1864 iudex
583 1800 660 1863 alius
683 1801 834 1885 denique,

178 1907 322 1990 Dignum
344 1907 462 1968 faterer
483 1925 550 1968 esse
573 1925 621 1966 me
643 1903 735 1966 tantis
760 1905 869 1987 malis²

179 2011 254 2072 Nee
274 2009 321 2071 his
343 2009 486 2072 dolorem
508 2004 676 2068 delenirem
699 2006 858 2069 remediis.

181 2110 369 2193 Suspicione
391 2109 508 2194 siquis
531 2109 649 2171 errabit
671 2129 726 2171 sua
1059 2164 1062 2169 .
1131 2112 1173 2175 45

180 2215 228 2278 Et
249 2214 348 2295 rapiet
368 2216 407 2275 ad
428 2235 482 2288 se,
508 2214 593 2294 quod
614 2210 673 2273 erit
694 2204 859 2274 commune
882 2211 1038 2289 omnium,

182 2317 287 2379 Stulte
308 2315 435 2378 nudabit
455 2313 548 2377 animi
570 2312 803 2377 conscientiam.
1019 2314 1021 2317 ’

180 2418 268 2481 Huic
290 2429 470 2482 excusatum
493 2438 541 2480 me
564 2417 656 2479 velim
680 2416 899 2480 nihilominus:

180 2520 293 2605 Neque
314 2519 393 2583 enim
416 2533 527 2585 notare
549 2519 690 2603 singulos
713 2541 799 2581 meus
822 2531 869 2583 est
891 2520 982 2597 mihi,

180 2625 303 2686 Verum
326 2622 424 2706 ipsam
447 2622 540 2685 vitam
563 2633 593 2684 et
616 2642 719 2686 ruores
740 2621 901 2685 hominurn
924 2626 1102 2688 ostendere.
1130 2627 1171 2690 50

178 2861 253 2922 iocis]
273 2876 298 2918 p.
317 2865 343 2908 S.
363 2886 395 2897 -
403 2860 452 2925 fiet
470 2862 553 2908 aceles
572 2861 592 2906 it
607 2862 671 2907 locis
687 2862 717 2907 Ρ.
735 2862 766 2907 lt.
788 2862 889 2909 testibus
913 2864 1029 2924 Bongars.
1052 2867 1120 2910 Viae.
1147 2870 1173 2911 et

179 2933 252 2992 Berg.
270 2932 379 2978 -Pith.
396 2933 421 2976 in
439 2934 498 2977 Var.
516 2932 592 2977 Lectt.
603 2944 609 2977 :
622 2930 670 2994 stet
681 2932 763 2977 scelus
780 2933 897 2986 etloeie.)
908 2932 982 2994 fictie
1001 2970 1007 2982 .
1027 2966 1035 2980 .
1055 2955 1091 2981 .·.
1112 2963 1120 2980 .
1138 2935 1170 2980 N.

179 3003 346 3058 „corruptum
363 3004 424 3048 hunc
451 3004 529 3048 locum
546 3003 708 3047 emendatione
729 3004 884 3060 sagacissima
902 3006 1079 3062 scripturaeque
1101 3018 1172 3061 quana

178 3074 290 3127 proxima
312 3073 419 3118 restitnit
438 3072 561 3116 Pithoeus.
606 3072 673 3129 Quod
699 3075 728 3117 de
750 3073 986 3127 scriptura·codicts
1014 3075 1125 3118 Heinsius
1143 3087 1172 3119 ac

179 3141 307 3187 Neveletus
333 3146 457 3196 asserunt,
487 3140 545 3185 nihil
570 3146 615 3187 est.
652 3141 741 3186 Gonu-a
761 3141 852 3187 Gudius
879 3142 918 3198 qui
938 3143 1043 3188 seclusit
1058 3143 1122 3187 Iocis
1144 3156 1171 3189 se

179 3212 269 3268 legisse
293 3216 404 3267 testatur,
433 3212 526 3256 ridetur
549 3216 591 3255 aut
609 3213 686 3266 ipsum
704 3211 809 3256 codicem
833 3216 873 3255 aut
891 3212 984 3256 Pitheci
1010 3213 1171 3270 apographum

123 3296 125 3299 ·
178 3281 335 3339 cognovisse,
355 3295 427 3340 quam
443 3281 467 3324 iu
487 3280 546 3326 Cod.
561 3295 608 3330 nno
622 3286 705 3326 tenore
722 3285 832 3325 exaratae
849 3280 896 3324 sint
912 3294 1001 3335 voees,
1021 3282 1170 3328 etPithoeus

178 3351 203 3394 iu
227 3352 367 3409 apographo*
381 3351 464 3395 Codiei
482 3348 665 3395 Rosanhoniann
686 3348 791 3405 praefixo
809 3350 910 3405 primum
933 3356 1067 3406 corruptam
1087 3354 1171 3397 lectio·

178 3433 234 3465 aem
253 3421 388 3476 scripserit,
420 3434 489 3478 quam
506 3421 588 3464 deinde
609 3421 708 3464 induxit.
745 3419 780 3464 De
798 3418 861 3462 iocis
880 3425 958 3463 autem
981 3423 1018 3465 vel
1037 3422 1100 3468 lucia
1123 3423 1172 3466 iam

177 3494 249 3533 antea
266 3491 366 3534 diximus
392 3491 510 3537 litterani
528 3494 551 3534 et
571 3490 581 3532 i
599 3490 667 3533 initio
691 3503 775 3536 vocum
795 3491 879 3533 eodem
898 3502 997 3544 prorsus
1018 3493 1089 3539 modo
1117 3505 1172 3536 esse

178 3559 306 3614 scriptas.’'
331 3561 408 3604 Beue.
456 3556 511 3617 (38)
528 3557 601 3603 Illius
621 3571 700 3617 porro
717 3572 764 3619 ego
787 3558 886 3619 remita]
905 3560 944 3603 Sic
963 3560 993 3604 lt.
1018 3565 1077 3606 teste
1097 3563 1168 3606 Vine.

176 3628 196 3672 i.
217 3642 240 3672 e.
259 3643 293 3671 ex
311 3628 381 3673 illius
397 3630 486 3672 semaa
504 3633 550 3675 cet.
588 3628 636 3673 Nec
657 3641 753 3673 neeesse
781 3634 819 3673 est
839 3632 987 3689 allegamus
1007 3644 1060 3675 cum
1079 3631 1167 3675 Scheh'.

177 3702 202 3741 ct
221 3699 319 3742 herm:
350 3697 406 3759 Ego
429 3712 508 3755 porro
531 3698 602 3742 illius
629 3697 752 3742 seruitum.
772 3721 805 3738 -ψ
823 3696 879 3759 Ego
896 3700 968 3744 illiue
985 3713 1065 3757 porro
1081 3701 1171 3745 mande

178 3766 207 3810 P.
228 3781 251 3823 p.
271 3766 377 3828 -Ego
393 3768 464 3812 illiue
484 3781 533 3825 pre
551 3769 642 3821 semite
660 3767 721 3811 Gud.
738 3769 764 3812 S.
785 3768 857 3824 (Gau.
879 3770 937 3814 dicit
955 3771 978 3813 iu
1000 3770 1044 3815 Cd.
1068 3782 1121 3814 esse
1135 3782 1172 3826 po

178 3850 232 3880 cum
253 3838 354 3894 lineola3
382 3839 441 3882 uude
464 3839 561 3883 Richter
586 3843 609 3891 et
636 3838 684 3881 lac.
711 3836 820 3882 Gronov.
842 3839 962 3892 ¹,volebant
982 3845 1040 3896 post
1059 3833 1170 3891 remita.)

177 3902 231 3961 (ll)
249 3904 371 3967 Quodsi]
389 3909 454 3962 qus.
473 3905 634 3968 -Quodsit
652 3907 683 3951 P.
719 3904 772 3962 (tl)
790 3902 1120 3967 delelairemJBeutl.Buran.
1141 3908 1167 3950 S.
1261 3946 1263 3949 .

179 3985 211 4019 ,τ
239 3974 372 4022 delinirem
397 3976 429 4023 P.
450 3982 476 4035 tr.
521 3973 577 4036 (45)
607 4000 640 4012 -
664 3977 820 4037 suspiciones
844 3978 901 4037 quie
918 3990 942 4036 g.
963 4001 995 4013 -
1013 3976 1168 4035 suspectione
