2870 4626
159 480 347 547 Clamorem
369 479 580 544 subitotollit
599 479 677 546 totis
697 481 820 547 viribus
904 516 908 521 ·
964 494 968 499 ’

158 587 326 660 Novoque
346 585 455 646 turbat
474 583 591 646 bestias
612 583 780 649 miraculo.

159 688 253 767 Quae
275 689 347 749 dum
368 697 521 766 paventes
542 685 646 749 caitus
668 698 763 751 notos
783 698 913 770 petunt,

157 788 284 851 Leonis
307 787 490 873 affliguntur
511 789 674 853 horrendo
696 789 827 870 impctu.
1118 793 1158 855 10

158 890 245 971 Qui,
268 902 433 975 postquam
457 889 552 953 caede
574 891 676 954 fessus
699 903 766 968 cot,
790 890 910 955 asinum
933 905 1047 956 crocat

158 994 318 1077 Iubetque
338 1013 451 1056 vocem
473 1013 631 1073 premere.
676 996 768 1069 Trinc
790 993 842 1056 ille
863 994 1021 1059 insoleus:

161 1095 275 1175 Qualis
297 1095 421 1157 videtur
443 1115 539 1176 opera
563 1094 622 1157 tibi
643 1094 732 1159 vocis
754 1096 867 1159 meae?

162 1196 320 1281 Insignis,
344 1196 462 1281 inquit,
485 1198 546 1273 sic,
570 1206 604 1258 ut
625 1195 685 1259 nisi
705 1218 830 1260 nossem
853 1208 941 1260 titum

160 1298 314 1364 Animum
336 1316 517 1384 genusque,
533 1280 631 1363 'siniti
644 1298 803 1383 'fugissem
826 1311 925 1387 meto.

561 1497 660 1567 [ran.
679 1499 756 1561 utu]

338 1666 340 1675 ’
408 1646 593 1714 CERVUS
615 1647 678 1713 AD
701 1648 911 1713 FONTEM.

204 1788 357 1853 Laudatis
377 1788 526 1867 utiliora,
550 1810 629 1873 quae
651 1786 901 1873 contempseris,

161 1895 266 1975 Saepe
287 1889 439 1970 inveniri,
461 1892 538 1956 haec
558 1891 652 1967 †erit
672 1891 825 1956 narratio.

202 1994 398 2059 Atlantem
419 2015 551 2070 cervus,
576 2016 670 2078 qrttrm
693 1994 842 2069 bibisset,
864 1991 980 2056 restitit

159 2099 205 2161 Et
226 2098 258 2158 in
278 2097 404 2181 liquore
426 2096 503 2160 vidit
524 2096 656 2182 effigiem
678 2118 779 2160 suam.

159 2199 213 2263 lbi
234 2203 307 2262 dum
327 2219 450 2263 ramosa
471 2198 585 2262 mirans
606 2200 711 2262 laudat
732 2220 852 2263 cornua

161 2300 364 2385 Crurumque
385 2300 509 2365 nimiam
524 2301 711 2373 ‚tenuitatem
734 2300 910 2384 vituperat,

161 2405 343 2466 Venantum
365 2403 473 2469 subito
496 2403 629 2468 vocibus
651 2404 841 2469 conterritus

106 2528 108 2535 ¹
157 2509 226 2572 Per
247 2528 391 2588 campum
411 2508 524 2591 sugere
545 2506 650 2590 coepit
671 2518 703 2569 et
725 2528 818 2570 cursu
839 2506 902 2570 levi

158 2608 264 2674 Canes
285 2609 389 2672 elusit.
433 2610 520 2693 Silva
540 2621 606 2671 turn
630 2609 756 2692 excepit
776 2609 900 2687 ferum,

156 2712 195 2776 In
218 2711 429 2797 quaretentis
452 2712 617 2793 impeditus
638 2711 788 2775 cornibus
871 2780 874 2787 ¹

156 2813 312 2903 Lacerari
334 2814 441 2899 coepit
463 2815 620 2878 morsibus
641 2811 746 2878 saevis
768 2833 891 2878 canum.

159 3035 240 3097 meae]
259 3038 360 3085 Salmas.
380 3037 446 3094 qnasi
465 3051 477 3080 e
494 3037 525 3080 D.
544 3035 608 3081 out.
628 3036 654 3080 S.
674 3060 707 3069 -
725 3037 786 3092 Sed,
806 3041 866 3082 teste
883 3037 954 3096 mg„
975 3037 1006 3081 D.
1026 3037 1075 3081 sic:
1109 3035 1154 3080 tibi

156 3108 228 3154 nocte
256 3121 325 3151 mene
356 3105 450 3150 ridetur
479 3119 564 3163 opero.
611 3107 756 3150 Salmasiana
789 3108 859 3151 lectio
885 3107 979 3150 videtur
1002 3103 1153 3150 coniecturae

137 3200 141 3201 ⁷
157 3177 253 3222 deberi.
273 3201 305 3210 -
315 3175 471 3231 tibisidetur
480 3189 556 3232 opero
571 3176 636 3219 occis
650 3189 719 3219 mene
732 3174 761 3219 P.
782 3199 815 3208 -
833 3188 909 3234 opera
923 3175 969 3218 tibi
978 3173 1074 3218 ridetur
1086 3176 1153 3222 cocis

159 3261 230 3291 meae
247 3246 277 3290 ll.
295 3255 334 3291 eo
350 3246 395 3289 riht
419 3245 515 3289 ridetur
535 3257 612 3303 opero
635 3244 695 3288 lluec
721 3244 787 3288 rocla
811 3259 880 3289 meae
898 3259 922 3300 p.
942 3268 975 3278 -
993 3243 1089 3287 uidetur
1108 3243 1157 3288 ult

157 3329 236 3374 opera
253 3314 314 3359 llaec
330 3315 396 3359 occia
411 3328 480 3358 mene
497 3315 570 3359 Detb.
586 3315 647 3359 Zell.
662 3313 728 3372 qnasi
741 3329 753 3358 e
767 3313 827 3357 ced.
839 3314 869 3358 P.
884 3319 908 3357 et
919 3313 967 3370 R.;
987 3314 1027 3357 sed
1044 3313 1073 3356 ab
1086 3318 1154 3357 utro·

158 3400 203 3444 que
221 3385 289 3429 abest
306 3381 367 3427 inec
385 3389 408 3429 et
423 3386 532 3429 diversus
549 3390 586 3429 est
608 3385 667 3428 ordo
686 3397 724 3430 vv.
760 3379 816 3441 (16)
826 3379 959 3444 fugissem
982 3380 1058 3442 metu]
1075 3383 1106 3431 D.
1124 3385 1150 3428 5.

156 3480 189 3489 -
200 3452 342 3514 fuissem'
333 3467 360 3498 m
377 3460 442 3497 metu
460 3453 489 3498 P.
508 3467 532 3510 p.
692 3452 701 3469 '

208 3524 268 3568 Fas.
288 3522 347 3567 ΧΠ.
384 3521 421 3580 (1.
447 3520 486 3581 2.)
504 3520 565 3566 inec
587 3519 646 3580 erit]
664 3523 704 3566 Sic
722 3520 880 3576 corrupteP.
899 3522 931 3567 lt.
951 3520 1000 3578 (lu'c
1024 3526 1084 3566 teste
1104 3522 1153 3567 Gu-

85 3644 87 3649 .
155 3590 269 3651 oio.)-
287 3590 349 3636 ltuec
366 3593 503 3648 exrerltp.
523 3593 586 3637 coni.
606 3593 632 3636 S.
651 3593 749 3636 exserit
766 3605 821 3636 sane
839 3593 883 3636 hoe
903 3590 1035 3651 significatu
1056 3606 1070 3635 a
1087 3592 1170 3635 Luti-¹

86 3656 89 3668 '
154 3666 228 3708 nitate
244 3663 367 3706 abhorret.
402 3663 511 3707 Debebat
536 3676 588 3706 esse
613 3659 696 3705 edocet
717 3662 755 3706 vel
784 3661 830 3706 tale
856 3663 972 3720 quiet-
939 3661 1070 3718 -Suepe
1097 3671 1156 3705 κη’

154 3733 272 3787 utiliora,
304 3745 365 3791 quae
389 3733 567 3789 contempseris
590 3729 653 3775 Eius
678 3731 748 3787 (teste
764 3730 842 3790 urg:
875 3732 958 3775 eiurare
976 3735 1035 3775 teste
1054 3731 1152 3776 Heinsio

154 3803 215 3857 aput
235 3801 336 3855 Scheff.)
354 3801 395 3844 rei
410 3803 481 3845 tertis
500 3794 560 3844 baec
578 3802 694 3844 narratio
719 3806 759 3845 eat
773 3800 804 3844 D.
824 3795 991 3866 ἀμέτρως-α
979 3806 1016 3854 e,t
1046 3804 1071 3843 nt
1088 3800 1152 3844 vide·
1185 3855 1189 3860 ι

154 3876 209 3925 tur,
228 3871 259 3914 ab
277 3871 457 3925 interpolatore.
475 3871 582 3927 Utraque
601 3871 655 3914 lect
659 3870 758 3915 conflata
779 3871 874 3916 Bentla
894 3865 1015 3913 Laudatis
1031 3869 1150 3920 utiliora,

154 3955 215 3998 quae
228 3938 409 3997 contempserit
421 3939 521 3997 Saepe
511 3940 618 3983 inueniri
630 3940 700 3983 testis
713 3938 773 3984 lruec
790 3941 905 3983 narratio
917 3944 963 3983 ert
982 3935 1018 3992 (4)
1031 3933 1150 3998 effigiem]

155 4033 186 4045 -
197 4006 302 4071 sugieln
320 4009 351 4054 D.
372 4014 430 4054 teste
448 4010 555 4058 Heinsio.
592 4007 646 4065 (12)
664 4023 745 4056 rocem
757 4007 821 4054 lunc
840 4006 962 4066 edidisse]
982 4008 1011 4052 P.
1032 4007 1061 4053 n.
1079 4019 1103 4061 p.
1124 4005 1150 4048 5.
