2834 4630
241 274 303 339 222

243 418 404 478 Humor
426 414 479 477 ille
501 434 595 498 quem
618 415 737 479 serenis
759 426 868 479 aetra
892 425 1002 480 rorant
1025 415 1209 479 noctibus

243 521 343 582 Mane
368 518 528 602 virgineas
551 517 728 600 papillas
750 519 883 583 solvit
905 518 1037 581 tumenti
1057 519 1155 600 peplo

243 624 341 705 Ipsa
364 621 483 684 iussit
505 632 747 690 manetwtute
769 623 910 708 virgines
934 625 1052 685 nubant
1073 636 1167 684 rosae

243 727 367 791 Facta
390 724 480 807 prius
502 727 540 787 de'
562 745 680 787 eruore
702 728 830 809 deque
853 725 969 788 amoris
992 724 1150 788 osculis

242 829 358 913 Deque
381 827 514 912 genunis
538 831 640 911 deque
661 828 793 891 flammis
818 831 920 912 deque
947 827 1024 892 solis
1047 827 1245 911 purpuris

243 920 325 998 Cres
347 935 497 997 ruborem
521 931 575 1016 qui
598 933 717 994 latebat
739 943 827 993 veste
849 942 953 1003 tectus
975 932 1068 1015 ignea
1229 936 1233 941 ⁴

241 1024 342 1102 Unica
367 1034 515 1099 marita
536 1046 632 1098 noto
656 1055 719 1096 uon
742 1036 917 1116 pudebit
935 1032 1067 1100 ‘solvere

242 1139 323 1205 Cras
338 1152 420 1202 amet
437 1138 491 1222 qui
507 1159 664 1221 nunquam
682 1137 798 1201 amauit
812 1139 929 1222 quique
945 1137 1060 1202 amavit
1075 1159 1145 1202 cras
1161 1150 1245 1203 amet

240 1245 313 1327 Ipsa
337 1242 450 1306 uimsas
473 1243 544 1305 diva
566 1243 658 1305 luco
681 1240 771 1305 iussit
792 1240 839 1304 ire
862 1239 985 1321 myrteo

240 1349 285 1412 Eu
305 1368 386 1430 puer
409 1367 542 1410 comes
564 1344 677 1427 puellis
700 1366 759 1407 nec
781 1355 885 1409 tamen
907 1344 993 1409 credi
1014 1356 1122 1429 potest

239 1453 322 1516 Esse
345 1471 485 1514 amorem
506 1448 656 1512 feriatum
680 1447 708 1510 si
730 1447 864 1532 sagittas
886 1449 1013 1513 vexerit

162 1598 166 1603 ,
239 1556 283 1618 Iu
306 1566 345 1617 te
367 1552 489 1616 nimfe
511 1551 620 1634 posuit
642 1568 729 1615 arma
750 1551 886 1615 feriatus
909 1564 957 1615 est
978 1573 1069 1616 amor

239 1659 348 1721 Iussus
372 1678 389 1720 e
410 1655 540 1720 inermis
563 1656 609 1718 ire
632 1659 758 1721 nudos
781 1657 828 1722 ire
849 1658 954 1720 iussus
977 1668 1025 1720 est

234 1763 322 1825 'Neu
345 1760 437 1844 quid
459 1780 552 1823 areu
575 1781 646 1822 neu
667 1759 782 1844 sagitta
797 1782 858 1845 neu
873 1760 949 1845 quid
970 1759 1062 1846 igne
1083 1762 1204 1826 lederet

240 1867 303 1928 Sed
324 1876 428 1927 tamen
450 1864 550 1926 nimf
556 1885 572 1926 e
596 1875 707 1926 cavete
730 1867 817 1948 quod
839 1863 956 1946 cupido
978 1864 1116 1947 pulcer
1138 1879 1186 1929 est

240 1970 344 2031 Totus
368 1979 416 2030 est
436 1967 563 2030 inermis
586 1966 619 2030 si
641 1952 696 2029 de-
706 1968 835 2050 quando
858 1968 959 2031 nudus
983 1979 1032 2031 est
1052 1988 1142 2032 arnor

240 2069 323 2136 Cras
340 2074 423 2134 amet
438 2070 492 2155 qui
508 2090 668 2155 nunquam
685 2071 804 2134 amavit,
815 2069 933 2155 quique
949 2071 1067 2136 amavit
1079 2093 1151 2136 eras
1163 2084 1245 2136 amet

240 2175 425 2258 Conpari
446 2196 569 2239 venus
591 2176 717 2256 pudore
740 2173 835 2237 mittit
857 2177 895 2236 ad
916 2185 949 2236 te
970 2173 1113 2259 virgines

239 2281 358 2343 Unam
380 2301 443 2343 res
466 2290 514 2342 est
535 2298 627 2360 quam
650 2298 804 2361 rogamus
826 2280 902 2340 cede
925 2278 1020 2362 virgo
1044 2277 1126 2341 delia
1186 2302 1188 2306 ·

238 2385 289 2447 Ut
309 2364 442 2446 nemus
465 2381 519 2445 sit
541 2381 791 2444 incruentum
815 2378 966 2444 deferinis
988 2382 1173 2466 tragibus

240 2488 315 2569 Ipsa
341 2486 428 2548 vellit
450 2470 586 2570 erogere
608 2484 635 2547 si
657 2484 804 2566 pudieam
826 2485 972 2549 flecteret

231 2591 299 2672 'Ipa
322 2589 439 2653 vellit
460 2600 496 2652 ut
519 2587 681 2652 venires
704 2586 731 2650 si
753 2591 921 2661 deceret
944 2588 1101 2673 virginem

237 2695 305 2756 Iam
328 2692 430 2756 tribus
453 2693 601 2754 chorus
626 2683 750 2753 fideres
772 2689 894 2754 feriatis
917 2678 1065 2755 no'etibu's

239 2796 432 2881 Congreges
452 2795 536 2857 iuter
558 2804 703 2856 catervas
725 2791 772 2856 ire
794 2815 853 2876 per
875 2795 974 2858 saltus
995 2807 1069 2862 tuos

232 2900 373 2963 'Floreas
394 2898 478 2962 inter
501 2916 638 2961 coronas
661 2908 815 2976 myrteo
837 2897 919 2961 inter
941 2920 1030 2962 casas

236 3005 308 3068 Nee
330 3023 442 3065 ceres
464 3022 522 3065 uec
543 3003 691 3063 baccus
715 3003 830 3064 absunt
844 3023 903 3065 nee
917 2996 1083 3085 poetarum
1099 3006 1194 3068 deus

237 3108 295 3171 De
316 3104 469 3169 tinente
490 3116 558 3169 tota
581 3126 648 3167 nox
670 3115 718 3167 est
739 3105 1007 3187 pervidenda
1029 3107 1155 3171 canticis

236 3210 365 3294 Regnet
385 3210 417 3271 in
439 3207 527 3272 silvis
550 3207 644 3271 dione
666 3220 756 3272 ture
779 3211 872 3272 cede
896 3209 977 3273 delia

237 3311 321 3378 Cras
337 3324 418 3376 amet
434 3312 489 3396 qui
502 3333 660 3396 nunquam
677 3313 793 3377 amavit
808 3312 925 3396 quique
941 3308 1058 3383 amavfft
1071 3337 1141 3380 cras
1161 3328 1243 3381 amet

290 3531 377 3580 35..u·
394 3512 435 3593 de]
454 3534 546 3578 Rauura
562 3535 624 3581 iuter
642 3535 667 3578 εἰ
689 3536 712 3579 οἳ
731 3512 770 3579 (ᾖ.
810 3532 850 3580 45.
866 3532 1011 3593 poetarum]
1032 3536 1071 3595 Sjc
1089 3537 1181 3594 fluuth.
1197 3551 1243 3596 po-

235 3609 334 3651 tearum
352 3606 405 3650 Siss.
444 3602 485 3649 46.
506 3602 545 3650 De
563 3602 666 3662 tinente]
686 3605 726 3649 Sic
744 3605 832 3651 luuh.
851 3603 983 3652 Detiuenle
1001 3607 1056 3652 siu.
