2864 4622
159 472 289 557 Regula
314 472 465 553 Cepheos
489 469 637 553 vestigia.
682 470 812 533 Balteus
832 470 934 532 nmbit

158 577 230 657 Qua
249 577 331 638 latus
354 596 392 637 ac
413 574 530 636 flexum
554 572 675 636 sinuosi
696 571 828 653 respicit
849 572 993 657 Anguis,
1050 618 1055 639 ,

158 678 326 760 Cassiepia
349 676 452 740 virum
473 675 590 739 residet
612 675 756 737 sublimis
779 679 818 736 ad
838 675 963 759 ipsum3

156 783 275 855 Clara,
300 780 390 842 ctiam
413 799 539 862 pernox
561 778 651 841 caelo
674 800 774 860 quiim
795 780 888 841 Luna
910 777 1055 856 refulsit,

156 887 220 949 Sed
242 870 363 947 brevis
376 895 408 947 et
428 882 540 965 paucis
563 884 712 944 decorata
734 881 765 943 in
787 881 891 945 sidere
911 881 1059 946 flammis.
1102 883 1163 946 105
1218 868 1221 891 ¹

155 989 268 1070 Qualis
289 988 430 1052 serratos
452 985 568 1048 subicit
589 985 741 1048 clavicula
764 988 890 1059 dentes,

159 1092 302 1156 Succutit
324 1103 357 1153 et
377 1088 505 1154 foribus
528 1087 691 1170 praeducti
714 1086 839 1151 vincula
861 1087 1025 1152 claustris·

159 1194 250 1257 Talis
272 1181 498 1275 disposita'est
518 1190 636 1264 stellis3
658 1189 726 1272 ipsa
748 1191 880 1254 horrida
903 1192 995 1255 vultu

161 1296 214 1361 Sic
236 1297 337 1359 tendit
357 1296 499 1378 palmas,
523 1315 581 1356 ceu
604 1294 644 1357 sit
664 1294 829 1375 planctura
851 1294 993 1356 relictam

160 1402 417 1473 Andromedam,
440 1397 571 1460 meritae
594 1419 657 1460 non
678 1397 759 1459 iusta
782 1397 904 1478 piacula
926 1396 1046 1460 matris.
1100 1400 1163 1463 900

200 1505 271 1566 Nec
292 1502 405 1584 procul
426 1502 649 1575 Andromede,
672 1509 772 1562 totam
795 1521 888 1583 quam
911 1520 1043 1563 cernere
1063 1522 1160 1583 posse
1232 1502 1235 1507 ⁴

161 1608 310 1671 Obscura
332 1607 391 1667 sub
414 1611 508 1673 nocte
530 1605 623 1666 licet:
647 1601 692 1665 sic
714 1603 828 1665 emicat
849 1624 927 1678 ore,

160 1698 212 1771 Sic
234 1706 356 1792 maguis
377 1707 516 1771 humeris
538 1708 653 1768 candet
674 1706 772 1768 nitor.
798 1706 892 1767 Hanc
914 1704 1013 1770 media
1036 1700 1135 1769 asirbit

157 1813 257 1897 Ignea
279 1809 448 1874 substricta
472 1810 558 1872 lucet
579 1831 640 1891 qua
663 1809 778 1873 zonula
802 1809 907 1890 palla3

159 1915 222 1977 Sed
243 1934 366 1996 poenae
387 1911 485 1975 facies
507 1923 646 1975 remanet
667 1911 872 1994 districtaque
893 1910 1003 1994 pandit
1099 1913 1160 1976 905

156 2017 313 2091 Brachia,
338 2036 397 2077 ceu
420 2015 490 2077 duri
511 2025 679 2077 teneantur
695 2014 822 2079 ‘robore
846 2015 927 2078 saxi.

197 2121 425 2184 Andromedae
447 2117 542 2200 capiti
562 2117 692 2199 sonipes
713 2118 1030 2205 supereminentes,

153 2324 214 2383 peiu
230 2324 254 2368 b.
292 2319 363 2379 (191)
379 2319 490 2381 pernox]
509 2321 562 2381 gsb.
577 2344 610 2355 -
625 2321 722 2379 pernix
736 2320 808 2366 AFP.
823 2335 921 2367 -nox
963 2352 970 2367 .
1008 2322 1091 2379 (ibid.)
1103 2338 1161 2368 cue.

155 2397 181 2440 Io
195 2408 269 2453 quum
284 2390 366 2450 Luna]
385 2392 502 2450 APPgsb.
516 2405 615 2435 -cum
631 2392 719 2435 stellas
736 2391 789 2437 EG.
827 2389 913 2450 (ibid.)
931 2407 945 2435 r
972 2391 1043 2453 ulsit]
1063 2394 1160 2439 AEGP.

156 2485 192 2498 --
214 2460 324 2524 refulget
343 2463 419 2521 Pgsb.
439 2459 484 2520 (-
506 2475 606 2519 pernox
627 2475 701 2521 quum
724 2464 813 2507 stelias
830 2461 902 2507 Luna
920 2458 1024 2521 refulsit
1039 2476 1064 2522 g.
1084 2463 1162 2519 susp.)
1196 2463 1202 2475 '

158 2533 229 2589 (195)
248 2557 281 2568 -
300 2531 347 2577 Est
366 2532 448 2577 breuis
468 2533 515 2591 Eg.
537 2532 581 2587 (-
602 2545 651 2576 om.
671 2535 695 2575 et
717 2532 759 2586 E.)
794 2526 872 2593 (196)
896 2530 999 2591 subicit]
1018 2532 1107 2578 AFPb.
1127 2558 1161 2568 -

156 2604 233 2650 obicit
249 2603 319 2662 sog.
340 2623 369 2637 -
387 2602 452 2646 obiri
470 2604 497 2646 de
518 2615 543 2660 g.
573 2603 636 2646 coni.
660 2614 681 2648 s.
699 2625 733 2635 -
751 2600 833 2646 dentis
848 2602 879 2646 E.
928 2600 1001 2660 (197)
1015 2601 1161 2662 praeducti]
1258 2656 1264 2663 ῃ

156 2674 204 2720 Eb.
223 2675 304 2731 sicque
322 2672 418 2716 volebat
434 2672 579 2727 Oudendorp
603 2673 631 2715 ad
658 2671 745 2727 Appul.
769 2672 800 2719 Τ.
821 2673 841 2716 l.
866 2686 890 2728 p.
908 2669 966 2718 651.
987 2696 1020 2706 -
1034 2672 1163 2731 praedicti

157 2746 204 2803 (ἐς.
225 2767 258 2777 -
273 2741 406 2801 praeducit
423 2741 508 2787 AFPs.
528 2739 574 2800 (-
592 2743 707 2785 claustro
726 2755 847 2798 supet-scr.
865 2743 884 2787 i.
902 2740 948 2800 E.)
984 2740 1058 2799 (198)
1076 2742 1162 2801 dispo·

156 2817 208 2861 situ
237 2818 277 2857 est
300 2808 393 2870 scottia]
419 2812 518 2871 EGgsb.
549 2832 578 2843 -
607 2811 739 2870 dispositis
762 2813 845 2857 stellis
870 2812 940 2860 AFP.
965 2832 999 2848 -
1022 2812 1111 2857 orrida
1128 2814 1159 2858 A.

157 2882 231 2945 (199)
248 2896 295 2926 ceu
312 2879 356 2940 sit]
374 2881 449 2940 Pgsb.
479 2896 577 2925 -ceu
597 2880 733 2926 siAEGP.
771 2879 844 2940 (900)
861 2879 976 2941 meritae]
994 2883 1080 2929 APPs.
1100 2884 1116 2930 i.
1136 2888 1167 2928 e.‘
1190 2904 1235 2917 ·-

157 2969 218 3014 quae
236 2953 324 2998 iniuste
340 2965 431 3007 poenas
448 2952 492 2995 luit
509 2951 541 2994 ob
561 2953 768 3007 matrisculpsm.
790 2973 819 2984 -
840 2953 955 2996 meritum
970 2951 1056 3011 Eng.
1088 2951 1161 3008 (901)

156 3021 313 3071 Andromede
336 3021 434 3079 APgsb.
462 3041 497 3052 -·
525 3019 709 3065 Andromedam
726 3021 800 3066 EGF.
848 3022 931 3077 (lbid.)
950 3020 1163 3081 cernere'posse]

156 3093 255 3154 EGgsb.
280 3117 309 3127 -
327 3087 478 3136 GERNERE
495 3087 589 3134 NOTV
601 3103 653 3135 curn
667 3091 708 3134 lin.
724 3091 844 3145 snprnlit.
859 3090 888 3136 V.
903 3092 934 3136 G.
947 3113 974 3123 ·
986 3090 1169 3135 cernerenonff

87 3158 91 3168 ’
157 3164 217 3211 dum
231 3163 281 3209 FP.
317 3159 392 3217 (909)
410 3181 440 3197 ι-
458 3160 583 3223 ηιίσατιίὶ.
603 3160 662 3217 (noo
681 3160 724 3213 E.)
759 3157 832 3218 (903)
851 3160 941 3206 condet
957 3158 1035 3219 nitor]
1054 3161 1084 3206 A.
1104 3160 1162 3217 (nisi

157 3236 220 3293 quod
241 3230 339 3284 condit)
362 3230 462 3290 EGgsb.
496 3252 532 3266 -
557 3228 653 3274 condor
675 3230 736 3273 nitet
761 3232 790 3275 F.
826 3250 856 3263 -
884 3229 1007 3275 -crndens
1036 3231 1098 3274 nitet
1128 3232 1160 3278 P.

156 3305 242 3361 (ibid.)
265 3299 342 3360 dune]
367 3300 466 3360 EGgsb.
493 3324 526 3333 -
551 3313 582 3343 uc
606 3300 679 3344 APP.
723 3296 794 3355 (901)
815 3320 845 3331 -
864 3302 987 3344 sustrirto
1001 3301 1030 3348 A.
1066 3295 1160 3362 (ibid.)
1252 3349 1257 3364 ἱ

155 3377 223 3420 lucet
249 3369 308 3433 qua]
332 3372 362 3416 A.
383 3395 416 3404 -
434 3371 501 3417 lucu
525 3383 588 3428 quus
609 3370 690 3430 EGgs.
709 3379 748 3416 cto
757 3365 909 3429 fulgetque
925 3370 976 3414 FP.
996 3390 1030 3404 -
1047 3373 1111 3416 talla
1129 3371 1159 3417 A.

157 3441 230 3504 (905)
260 3465 289 3476 -
308 3439 365 3487 sed
384 3434 449 3498 pone
466 3439 497 3482 E.
540 3436 628 3496 (thid.)
646 3453 723 3483 manu
739 3437 796 3498 (sic)
814 3452 858 3495 pro
876 3445 989 3483 remanet
1006 3442 1035 3486 P.
1073 3438 1160 3498 (ibid.)

155 3510 331 3572 districteque]
350 3511 381 3565 P.
401 3532 426 3543 -
451 3507 619 3568 destrictoque
636 3509 667 3553 A.
688 3532 721 3543 -
745 3509 915 3569 distractoque
940 3510 1040 3570 ucgst.
1062 3534 1096 3545 —-
1122 3511 1161 3556 di·

73 3620 77 3627 .
155 3586 292 3644 etrictaque
317 3583 388 3639 (hanc
412 3580 468 3624 lect.
499 3583 564 3624 recte
587 3578 725 3634 retendens)
744 3578 838 3638 pendet
865 3577 977 3624 Brachia
1006 3580 1160 3639 (accusatis.)

155 3653 289 3701 Wakefield
308 3655 337 3697 ad
355 3651 453 3696 Lucret.
475 3648 505 3702 5,
527 3645 603 3694 1069.
640 3646 711 3704 (906)
729 3647 799 3708 duri]
812 3649 916 3709 AEGg-s.
936 3674 969 3684 -
987 3652 1156 3712 mugniPPb.

156 3747 186 3758 -
213 3725 304 3768 roboro
326 3722 379 3773 EG.
428 3714 501 3777 (907)
526 3719 619 3764 Habent
641 3719 702 3764 bunc
720 3734 784 3764 vers.
804 3719 902 3779 EGgsb.
944 3720 1021 3768 Abest
1038 3723 1067 3765 nb
1086 3723 1158 3767 APP.

154 3791 227 3853 (908)
246 3795 285 3839 Sic
302 3793 333 3836 E.
357 3786 405 3852 (—
424 3785 567 3850 radietque)
586 3789 662 3849 Ggsb.
688 3812 721 3824 -
739 3789 912 3836 Andromedae
932 3791 1063 3852 rediretque
1086 3792 1160 3836 stella

153 3865 201 3910 sub
219 3867 276 3923 ipsa
295 3875 378 3907 mance
405 3860 436 3905 A.
465 3884 499 3895 -
522 3858 695 3913 Andromedae
717 3873 774 3906 cero
789 3860 875 3906 redint
889 3875 938 3919 que
958 3858 1033 3907 stella
1051 3877 1073 3906 s.
1091 3862 1109 3903 i.
1130 3873 1160 3904 ex
1241 3852 1244 3859 '

153 3937 268 3991 interpol.
288 3933 339 3977 FP.
365 3932 446 3976 'Post
469 3932 531 3975 bunc
555 3945 579 3975 v.
600 3931 623 3974 in
643 3930 672 3975 F..
695 3932 803 3988 sequitur
824 3946 847 3975 v.
869 3929 928 3975 991.
975 3931 1036 3976 Inde
1060 3929 1159 3981 subest,

156 4006 253 4050 omissis
270 4004 296 4048 b.
315 4005 333 4048 1.
352 4015 376 4046 v.
406 3998 568 4058 sus-223„
597 4002 636 4060 qui
661 4003 771 4061 teguntur
794 4006 850 4059 post
866 4015 889 4046 v.
911 3998 971 4047 947.
1010 3998 1157 4050 Threicius,
