2834 4630
371 1094 434 1168 DE
461 1093 642 1170 CODICE
671 1095 959 1172 DANIELINO.

548 1274 770 1297 *-

230 1429 333 1511 Quam
362 1429 485 1496 ineerta
518 1443 550 1496 et
583 1454 730 1499 errorum
760 1434 855 1518 piena
882 1433 989 1500 omnia
1013 1431 1148 1508 fuerint,

106 1607 109 1617 .
166 1554 248 1619 quac
269 1535 308 1598 de
331 1530 454 1600 Codice
466 1535 638 1601 Danielino
656 1539 759 1600 adhuc
778 1533 1001 1614 innotuerant,
1023 1534 1150 1620 perspi-

166 1634 250 1712 cies,
286 1636 408 1714 lcctor,
445 1638 567 1716 exiis,
603 1662 685 1725 quae
712 1642 887 1725 pagg.17.
911 1662 1004 1726 seqq.
1048 1640 1156 1704 Prae-¹

164 1737 296 1802 sationis
321 1761 408 1803 meae
433 1743 472 1804 de
500 1762 539 1804 eo
569 1741 743 1823 disputavi.
787 1745 883 1810 Nunc
905 1766 1002 1829 quum
1023 1744 1157 1805 tandem‘

165 1843 269 1905 denuo
290 1862 441 1905 excussus
463 1841 504 1905 sit
523 1844 563 1935 ab
584 1844 715 1929 Angelo
738 1843 847 1924 Maio,
876 1849 924 1912 V.
950 1845 1011 1922 C.‚
1045 1844 1151 1930 omnia

164 1943 229 2006 iam
255 1947 295 2007 ad
319 1943 473 2030 liquidum
494 1949 649 2029 perducta
682 1966 750 2012 esse
779 1948 895 2014 merito
927 1968 1050 2013 meeum
1073 1971 1150 2033 gau·

165 2045 269 2110 debis.
314 2045 467 2113 Continet
489 2048 518 2113 is
547 2071 629 2134 ergo
652 2047 749 2114 Libri
781 2051 878 2135 primi
899 2051 1038 2116 Fabulas
1072 2063 1150 2116 octo
1257 2072 1261 2085 ¹
1316 2138 1318 2149 .
1377 2049 1379 2057 ’

165 2151 349 2213 dumtaxat:
388 2150 511 2216 seilicet
537 2152 603 2216 XI.
632 2154 716 2217 XII.
743 2154 846 2218 XIII.
869 2154 989 2219 XVII.
1013 2153 1149 2220 XVIII.
1271 2174 1274 2181 ·

65 2270 81 2341 j
164 2253 264 2317 XIX.
287 2254 369 2319 XX.
392 2254 492 2320 XXI.
537 2256 603 2319 Sed
623 2255 785 2322 audiamus
802 2256 928 2323 Maium
947 2256 1065 2344 ipsum.

327 2650 330 2659 ’
465 2708 840 2799 ΧιηειἯΑιῑυΡα
919 2802 924 2809 ⁴

255 2859 556 2929 FRAGMENTO
577 2867 772 2935 VETERE
794 2868 1057 2942 VATICANO·
1150 2902 1153 2909 ’

547 3029 770 3047 -ι--ῴ

28 3232 33 3243 ¹
228 3143 404 3239 Codicum,
427 3148 483 3236 qui
496 3150 641 3219 Phaedri
654 3126 779 3222 fabulas
794 3159 974 3239 continent,
998 3162 1157 3228 summam*

69 3310 71 3316 s
164 3266 234 3311 esse
264 3250 446 3332 penuriam,
483 3255 600 3321 eruditi
630 3259 746 3324 sciunt.
789 3263 918 3328 Etenim
948 3265 1096 3354 antiquus
1117 3280 1151 3334 et

162 3348 275 3431 plenus
297 3355 508 3438 cognoscitur
529 3382 609 3424 unus
637 3362 852 3444 Pithoeanus,
886 3371 968 3433 unde
997 3370 1150 3455 princeps

162 3450 261 3519 editio
279 3456 423 3537 prodiit;
451 3459 507 3545 qui
528 3465 634 3527 codex
654 3467 816 3551 quantivis
837 3470 953 3554 pretii,
983 3495 1149 3557 superesse

160 3551 197 3616 in
220 3556 324 3621 Gallia
347 3562 451 3625 adhuc
474 3562 605 3630 dicitur.
655 3570 751 3634 Alter
772 3584 842 3636 erat
863 3574 988 3657 priscus
1009 3579 1149 3642 Remen-

160 3655 219 3732 sis,
253 3661 309 3744 qui
339 3684 423 3728 auno
451 3667 756 3739 MDCGLXXIV.
784 3674 932 3743 incendio
961 3682 1147 3762 absumptus
1187 3727 1190 3736 ι
1260 3740 1263 3759 .

159 3757 235 3822 suit.
281 3763 410 3829 Tertius
435 3758 578 3836 Phaedri
606 3778 712 3839 codex
739 3781 779 3841 ab
807 3780 939 3844 eruditis
959 3783 1147 3866 appellatur

159 3860 374 3946 fragmentum
396 3881 553 3936 vetustum
571 3880 749 3960 quoddam,
783 3886 872 3968 quod
892 3885 1010 3949 Petrus
1030 3880 1147 3948 Daniel

162 3985 180 4026 e
202 3967 366 4045 vastitate,
399 3993 493 4057 quam
516 3976 718 4045 Floriaecnsi
737 3985 773 4048 S.
795 3987 963 4052 Benedicti
983 3982 1146 4093 coenobio
