2870 4626
689 572 784 634 [res
804 570 857 632 ι]

379 704 528 790 nurus
547 704 612 787 'ur
634 687 816 786 vuurns
839 704 997 783 lumen
1020 714 1167 779 s1u10.

269 898 272 905 ·
314 864 503 948 Quicunque
524 861 611 943 turpi
631 861 741 924 fraude
763 859 859 923 semel
881 856 1036 933 innotuit,

274 969 379 1033 Etiam
402 967 429 1029 si
451 987 559 1031 verum
584 964 677 1039 dicit,
700 962 814 1026 amittit
835 962 941 1023 fidem.

275 1073 352 1139 Hoc
374 1073 546 1132 adtestatus
568 1066 674 1129 brevis
697 1063 820 1145 Aesopi
840 1048 960 1126 sebnia.

317 1176 429 1254 Lupus
454 1171 607 1253 arguebat
630 1168 756 1249 vulpem
778 1166 856 1228 fiunti
877 1165 1025 1228 criuiinez
1074 1204 1081 1228 ι

277 1277 426 1359 Negabat
447 1272 499 1335 illa
523 1292 557 1333 se
578 1291 652 1333 esse¹
669 1271 778 1351 culpae
799 1270 990 1350 proximum.

276 1381 370 1441 'l'unc
391 1375 486 1436 iudex
507 1372 684 1437 interillos
706 1371 786 1434 sedit
806 1372 925 1435 simius.
988 1394 990 1401 *

277 1483 420 1560 Uterque
442 1498 567 1538 causam
589 1496 683 1558 quum
706 1485 908 1555 perorassent
924 1493 1034 1549 suam,

276 1580 407 1645 Dixisse
431 1580 534 1642 fertur
554 1577 661 1640 simius
683 1577 884 1639 seutentiaurt

280 1686 331 1745 'l'u
353 1703 418 1744 nou
442 1681 555 1744 videris
578 1677 752 1761 perdidisse
774 1683 860 1762 quod
881 1678 981 1761 petis3
1032 1741 1035 1747 ,

226 1784 231 1793 ’
278 1788 326 1847 Te
349 1786 446 1847 eredo
469 1781 682 1866 subripuisse,
707 1786 794 1867 quod
814 1782 946 1866 pulchre
968 1802 1077 1864 negas.
1230 1782 1270 1842 io

681 1981 777 2043 [ssu.
803 1981 867 2043 xi]

196 2173 282 2259 s.
450 2133 614 2198 ASINUS
635 2134 700 2198 ΕΤ
721 2134 815 2199 LEO
837 2131 1110 2206 VENANTES.

224 2330 225 2333 ,
319 2272 457 2338 Virtutis
479 2292 596 2355 expers
619 2273 724 2335 verbis
746 2273 865 2335 iactans
887 2270 1020 2356 gloriam
1122 2266 1126 2271 ’

277 2379 413 2463 Ignotos
434 2375 533 2450 fallit,
557 2375 640 2437 notis
661 2387 709 2436 est
731 2376 859 2438 derisui.

318 2477 440 2542 Veneri
462 2476 560 2540 asello
583 2477 698 2539 comite
719 2499 814 2563 quum
836 2478 931 2540 vellet
952 2478 1026 2551 leo,

277 2581 432 2652 Contexit
453 2579 541 2642 illum
563 2579 679 2642 frutice
700 2592 731 2642 et
753 2578 916 2645 admonuit
937 2580 1045 2657 simui,

277 2686 321 2749 Ut
338 2683 466 2775 iusticia
488 2701 569 2745 voce
591 2677 728 2744 terreret
749 2682 852 2757 ieras,

276 2784 452 2869 Fugientes
473 2782 541 2867 ipse
562 2784 739 2866 exciperet.
782 2786 847 2848 Hie
867 2784 1022 2849 erinitulus

325 3005 386 3049 Pie.
405 3003 440 3048 X.
477 3000 516 3060 (i)
531 2999 613 3062 furti]
637 3017 661 3060 p.
682 3005 716 3049 -S.
736 3028 769 3039 ·-
789 3001 858 3063 serti
879 3008 910 3052 P.
935 3007 965 3051 R.
991 3005 1066 3063 (nont
1082 2999 1270 3064 *usare-g.)

273 3072 314 3135 (8)
332 3072 491 3131 sententiam]
509 3087 534 3128 p.
552 3074 578 3118 S.
598 3095 631 3106 -
649 3075 757 3118 sentium
774 3076 804 3119 P.
1151 3079 1154 3084 ’

324 3145 384 3189 Pes.
404 3143 452 3187 xl.
496 3140 532 3200 (i)
559 3143 613 3201 ipse
634 3142 773 3204 exciperet]
797 3145 836 3189 Sie
860 3145 891 3190 D.
914 3151 974 3190 teste
991 3145 1099 3191 Heinsio.
1118 3144 1145 3189 S.
1164 3144 1270 3200 -ipse

274 3219 302 3259 ut
326 3227 384 3260 exe.
402 3214 432 3258 P.
450 3212 480 3256 R.
499 3226 524 3268 p.
551 3211 596 3270 (-
614 3218 641 3257 nt
660 3214 714 3271 ipse
731 3227 756 3273 g.
776 3216 842 3271 qussi
862 3228 891 3260 ex
912 3213 994 3272 nem.)
1030 3213 1115 3272 (ibid.)
1133 3209 1269 3271 auritulus]

256 3283 328 3341 ung.
352 3284 379 3328 S.
398 3306 431 3317 —-
449 3282 580 3327 auriculae
601 3283 633 3328 Ρ.
651 3285 683 3332 D.
704 3304 737 3317 -·-
755 3285 887 3328 eurirulue
904 3298 928 3340 p.
965 3282 1003 3342 (7)
1021 3286 1155 3328 clamorem
1177 3279 1269 3341 subito]

273 3353 303 3396 P.
322 3366 337 3395 a
354 3366 404 3396 see.
422 3366 455 3399 m.
474 3352 504 3397 R.
524 3353 551 3397 S.
579 3353 647 3408 („lte
663 3355 812 3398 emendatum
828 3355 852 3397 in
869 3354 900 3399 P.
919 3354 951 3398 At
968 3356 1046 3410 prims
1063 3354 1150 3398 lectio:
1178 3353 1270 3395 elumo-

273 3426 312 3465 ret
328 3420 395 3476 (sic).
432 3420 481 3465 Nee
502 3422 630 3467 Brotierio
642 3420 701 3469 fides
722 3423 871 3479 adhibendo,
891 3426 973 3482 quise
991 3425 1023 3468 ibi
1043 3425 1129 3482 legisse
1150 3427 1268 3467 testetur:

243 3532 246 3535 .
272 3490 454 3542 clarissumis,
471 3504 555 3547 quum,
570 3493 623 3536 loco
635 3493 725 3546 primae
739 3494 847 3537 lectionis
862 3494 1002 3551 (clamaret)
1017 3493 1129 3537 libs-arins
1146 3491 1271 3546 scripserit

272 3560 423 3612 clamorem,
439 3559 501 3609 tinea
513 3562 623 3616 imposita
632 3562 656 3604 in
667 3574 680 3603 e
693 3567 853 3620 expuueteque
862 3564 940 3608 litters
948 3564 982 3611 t.”
991 3558 1082 3619 Bene.)
1093 3584 1125 3595 -
1136 3562 1271 3604 clamorem

272 3627 380 3684 subitum
389 3628 420 3671 D.
434 3651 467 3661 -
479 3629 588 3673 clamore
601 3629 681 3673 subito
696 3644 720 3685 p.
741 3631 822 3684 (ibid.)
839 3648 871 3666 -n
883 3634 948 3677 tollit
958 3630 1027 3689 totis]
1040 3631 1070 3675 P.
1083 3632 1114 3675 R.
1126 3644 1150 3685 p.
1167 3640 1197 3672 =
1212 3629 1271 3673 totis

271 3698 337 3743 tollit
355 3699 385 3745 D.
401 3698 427 3741 S.
447 3693 500 3752 (10)
517 3694 723 3758 affliguntur-W
738 3702 764 3745 S.
784 3724 817 3733 -
833 3700 986 3763 adficiuntur
1006 3701 1038 3745 P.
1053 3701 1083 3745 u.
1102 3714 1125 3755 p.
1151 3697 1205 3754 (11)
1217 3695 1270 3756 qui]

271 3766 351 3818 eu.
373 3779 396 3822 p.
414 3767 458 3823 S.;
478 3767 518 3824 qui
536 3768 598 3810 falso
619 3768 721 3812 Pithoeo
739 3770 824 3814 tribuit
840 3771 967 3815 lectionem
984 3767 1024 3814 ite
1042 3765 1150 3826 (Heius.)
1184 3766 1270 3824 (ibid.)

238 3848 243 3857 ’
264 3832 357 3896 fieriu
380 3833 428 3895 est]
452 3849 476 3892 p.
492 3837 519 3880 s.
541 3860 574 3872 --
593 3850 642 3880 orn.
662 3843 700 3882 est
715 3840 745 3883 P.
765 3839 795 3884 R.
832 3836 887 3896 (12)
911 3839 1004 3893 „Erret
1021 3839 1111 3884 Gudins
1129 3850 1270 3882 asseverans

269 3911 329 3950 tuuc
343 3906 425 3950 deesse
436 3906 459 3950 iu
469 3905 513 3950 Gd.
527 3906 558 3951 P.
566 3906 580 3925 ’⁷
590 3907 669 3954 Bene.
688 3908 798 3955 Defuitne
809 3910 833 3954 iu
842 3906 893 3954 IL?
907 3908 970 3954 Nihil
979 3914 1046 3953 notet
1053 3911 1124 3954 vioe.
1143 3904 1198 3965 (id)
1210 3920 1271 3965 que·
1328 3930 1332 3943 ι

269 3972 314 4034 tls]
333 3975 437 4034 „Priene
461 3977 532 4020 tectio
554 3976 667 4035 quotu?
695 3978 773 4023 Beue.
816 3977 899 4034 (thid.)
912 3977 1013 4025 *uidetur
1036 3991 1113 4036 opere
1136 3976 1189 4021 tidi-
1202 3977 1269 4021 vecie
