2870 4626
345 254 350 293 i

181 433 268 492 Tum
284 430 336 494 ¹sie
357 430 460 494 iurata
478 443 529 493 est
550 441 643 493 tanta‘
656 429 799 501 maiestas
822 430 927 494 ducis:

179 533 259 596 Non
281 533 408 595 multum
430 532 525 617 egisti
545 544 578 597 et
597 553 698 615 opera
719 532 925 616 nequicquam
947 533 1049 616 perit;
1120 521 1128 553 ³

179 635 292 699 Multo
313 633 443 699 maioris
464 635 573 718 alapae
595 657 715 705 meeum
738 645 888 699 veneunt.
1135 635 1175 699 25

581 861 681 923 [rar.
709 861 771 923 vn]

436 1011 615 1092 Aoornn
637 1013 698 1075 er
722 1011 915 1076 oonmx.

223 1151 345 1217 Contra
366 1160 512 1233 putentes
534 1170 625 1217 nemo
648 1162 697 1214 est
718 1150 853 1213 mamitus
875 1150 966 1223 satias

181 1253 216 1319 Si
238 1274 315 1319 vern
337 1251 469 1316 accessit
489 1250 676 1318 consiliator
697 1253 875 1329 maleficus,
980 1249 983 1256 ’

178 1357 242 1421 Vis
264 1369 295 1419 et
314 1353 454 1439 nequitia
476 1353 624 1439 quicquid
645 1367 848 1438 oppugnant,
874 1353 950 1417 ruit.

220 1458 339 1544 Aquila
360 1457 392 1521 in
413 1456 545 1520 sublime
567 1457 693 1520 sustulit
714 1456 923 1521 testudinem

179 1563 269 1643 Quae
291 1583 387 1646 quum
409 1559 580 1623 abdidisset
600 1580 716 1623 cornea
738 1581 856 1642 corpus
880 1562 975 1625 domo
1130 1596 1136 1611 ε
1154 1560 1171 1622 5

177 1667 248 1729 Nee
268 1664 335 1728 ullo
356 1672 451 1746 panto
472 1661 554 1727 laedi
574 1674 684 1744 posset
705 1662 852 1738 condita,

171 1767 280 1831 Venit
300 1787 361 1848 per
376 1785 468 1828 auras
489 1765 603 1829 cornix
625 1776 656 1828 et
677 1775 811 1848 propter
832 1765 943 1828 volans
952 1775 963 1827 ἰ

178 1870 328 1952 Opimam
349 1888 424 1931 sane
446 1869 592 1950 praedam
613 1866 747 1949 rapuisti
768 1865 946 1953 unguibns3

178 1973 242 2036 Sed
264 1971 323 2035 nisi
344 1980 523 2035 monstraro
545 1968 621 2054 quid
641 1969 682 2033 sit
702 1969 877 2049 sapiendum
899 1968 975 2045 tibi,

178 2064 282 2138 Gravi
303 2072 508 2156 nequicquam
529 2083 561 2135 te
582 2071 711 2140 lassabit
730 2073 886 2154 pondere.
1025 2114 1031 2135 .
1114 2075 1175 2155 -ψ

176 2175 342 2242 Promissa
362 2180 454 2257 parte
476 2177 604 2250 suadet,
625 2185 662 2237 ut
681 2174 847 2256 scopulum
869 2195 966 2256 super

176 2279 263 2344 Altis
285 2280 325 2340 ab
338 2275 438 2340 'astris
459 2260 571 2338 duram
590 2276 699 2339 inlidat
719 2276 891 2353 corticem,
958 2326 967 2339 ,

177 2382 250 2461 Qua
272 2378 461 2445 comminuta
481 2377 575 2443 facila
597 2389 745 2444 vereatur
767 2377 853 2443 cibo.

174 2630 275 2673 iactans
292 2625 400 2690 officium
426 2626 477 2670 lere
503 2627 579 2671 Bentt.
607 2646 637 2661 -·
664 2641 733 2671 come
760 2626 870 2690 officium
895 2628 1014 2673 iactitare
1039 2624 1126 2688 Rigalt.
1147 2630 1172 2677 S.

173 2698 239 2743 Puto
258 2698 347 2741 fuisse:
378 2696 477 2740 iactam
495 2695 576 2758 officio
594 2708 706 2751 comam
739 2699 762 2742 in
787 2712 834 2755 quo
852 2696 933 2743 officio
954 2704 1094 2754 occupatus,
1125 2713 1174 2744 tue·

175 2773 241 2822 ptum
271 2767 295 2810 in
324 2767 421 2809 modurn
450 2779 542 2810 comam
573 2765 666 2821 (caput,
695 2764 849 2825 cerviculam)
867 2767 978 2816 iactabat.
1014 2767 1068 2823 (1¹8)
1085 2767 1175 2826 alium]

98 2828 102 2833 ⁴
174 2838 208 2882 Ρ.
225 2835 257 2879 tt.
275 2837 302 2879 S.
324 2844 353 2866 -'-
372 2835 444 2878 illum
463 2849 489 2889 p.
507 2835 549 2890 (-
567 2835 665 2880 aterum
682 2834 726 2894 P.)
773 2835 826 2894 (¹9)
849 2832 944 2881 Gaesar-
969 2835 1078 2896 remque]
1103 2851 1127 2892 p.
1147 2839 1173 2884 S.

175 2925 211 2939 -
227 2900 407 2963 Caesaremque
424 2903 454 2948 Ρ.
474 2905 504 2948 R.
551 2901 605 2958 (ἳο)
630 2907 670 2950 sie
688 2920 770 2951 mance
790 2907 820 2951 P.
839 2907 869 2950 R.
888 2916 927 2954 m
942 2905 972 2952 Id
989 2912 1015 2950 ut
1029 2913 1085 2965 put.
1103 2921 1127 2962 p.
1147 2908 1173 2952 S.

175 2998 210 3008 -
227 2972 257 3017 Ie
266 2980 293 3019 ut
307 2979 361 3030 put.
381 2973 483 3018 DesbiN.
504 2974 566 3018 zett.
586 2974 628 3028 (-·
646 2976 699 3033 quit
715 2973 759 3034 P.)
777 2973 834 3034 (22)
853 2974 947 3035 certae]
965 2989 989 3031 p.
1010 2976 1036 3021 S.
1056 3001 1088 3010 -
1107 2982 1173 3020 certe

174 3046 207 3089 Ρ.
225 3043 255 3088 Ν.
293 3042 439 3101 (‚.Pithoeus
465 3049 565 3096 certoe;
594 3046 712 3090 eorrectio
741 3046 771 3089 ab
799 3046 909 3091 omnibus
935 3050 1032 3100 resepta
1055 3051 1080 3090 ut
1094 3031 1174 3090 'lectio

174 3113 289 3165 Codicis.¹
320 3112 409 3156 Contra
422 3118 499 3158 autern
520 3111 626 3166 Gudius,
647 3119 672 3157 ut
686 3116 807 3170 propriam
826 3116 1001 3168 coniecturam,
1026 3116 1066 3159 dat
1083 3116 1176 3160 eerte.”

173 3184 253 3227 Baua.
290 3182 349 3226 seit.
371 3180 434 3227 Gud.
465 3182 574 3227 volebat:
602 3181 769 3238 Donationis,
800 3185 889 3241 alapae
903 3189 988 3237 certe,
1018 3182 1129 3243 gaudio:
1149 3190 1174 3228 et

175 3251 252 3296 refert
269 3252 319 3296 Me.
347 3251 436 3297 habere
460 3250 557 3306 rene.)-
583 3246 640 3310 (23)
666 3251 758 3311 iocata]
777 3254 807 3297 P.
826 3254 856 3297 u.
876 3253 930 3310 ntg.
950 3254 977 3296 S.
996 3277 1029 3286 -
1047 3254 1131 3297 locata
1148 3267 1172 3310 p.

172 3316 262 3377 (ibid.)
280 3318 360 3378 tanta]
378 3321 408 3366 Ρ.
428 3321 457 3365 Ν.
478 3322 552 3377 Desb.
578 3323 864 3377 astronianum&
902 3318 956 3377 (24)
976 3343 1005 3354 -
1025 3323 1180 3382 nequiquam,

172 3392 204 3435 Ρ.
223 3391 253 3434 tt.
290 3387 344 3445 (25)
361 3389 478 3450 maioris]
496 3392 584 3449 Rigalt.
604 3392 628 3436 in
646 3392 798 3441 Aunot..Ed.
820 3390 843 3436 1.
862 3392 944 3437 Busan.
964 3392 989 3435 S.
1009 3415 1043 3447 τ
1061 3393 1172 3438 maiores

171 3455 203 3505 Ρ.
223 3460 255 3503 R.
273 3473 298 3515 p.
317 3459 372 3518 urg.
392 3461 416 3504 in
433 3465 544 3506 contextu
561 3461 607 3504 Ed.
629 3459 652 3506 1.
672 3460 735 3507 Gud.
783 3459 869 3518 (ruia.)
896 3457 1010 3520 veneunt]
1025 3454 1065 3517 'p.
1092 3462 1118 3506 S.
1141 3483 1170 3494 -

171 3535 293 3576 venerant
307 3530 338 3573 Ρ.
357 3529 388 3574 R.
917 3556 919 3561 ·

225 3600 285 3645 Fas.
301 3598 349 3643 tu.
397 3595 436 3656 (1)
459 3597 580 3656 inunitae]
605 3600 636 3645 tt.
655 3613 670 3642 a
693 3612 743 3644 see.
762 3612 796 3643 m.
815 3613 839 3654 p.
858 3600 885 3644 S.
910 3624 942 3634 -
961 3600 1069 3644 monitus
1083 3599 1116 3647 Ρ.
1137 3622 1170 3632 -

172 3678 244 3712 tremo
260 3674 328 3712 tutam
344 3667 409 3712 satie
427 3668 456 3712 R.
476 3683 490 3711 a
508 3682 545 3723 pr.
564 3683 598 3716 ur.
633 3665 671 3726 (6)
685 3667 782 3727 poscet]
802 3668 831 3713 N.
851 3684 883 3725 p..
895 3671 921 3714 S.
942 3694 974 3704 -
988 3669 1073 3726 poerit
1089 3667 1169 3711 stu.

172 3736 210 3792 (7)
229 3762 261 3773 -
276 3742 381 3795 praeter
397 3738 484 3782 oolam
502 3738 533 3785 N.
553 3751 582 3782 ex
599 3739 749 3798 ignoratione
768 3738 837 3783 huius
856 3736 1000 3797 significatus
1020 3752 1043 3783 v.
1057 3741 1169 3794 proptor.

172 3805 209 3861 (8)
240 3831 274 3842 -
307 3805 440 3864 Opimam
470 3807 563 3866 inquit,
600 3822 642 3865 pr.
677 3809 706 3852 N.
738 3821 767 3851 ex
785 3809 904 3864 interpot..
943 3806 1060 3865 (1ο),-
1087 3804 1171 3861 mqttt'·

171 3890 247 3935 quom
264 3877 294 3920 Ρ.
314 3877 344 3920 Ν.
390 3871 476 3932 (thid.)
498 3876 615 3935 lassabit]
639 3878 668 3922 Ρ.
688 3878 717 3922 tt.
739 3878 764 3921 S.
785 3902 817 3913 -
835 3878 942 3922 lassavit
960 3876 990 3921 N.
1012 3897 1041 3908 -
1060 3871 1171 3918 lassabis

174 3959 197 4000 p.
232 3945 286 4002 (11)
314 3967 342 3980 -
366 3960 410 4002 pr.
431 3950 506 4005 parts
532 3945 624 3991 uadens
652 3953 677 3992 ut
700 3948 815 4005 scopulos
833 3961 908 4007 super
924 3945 964 3991 As
981 3943 1060 3990 astris
1080 3940 1170 3985 duram
1202 3979 1205 3983 ,
