2834 4630
447 880 782 948 LECTORI

188 1046 191 1053 ’
245 1062 325 1137 10.
371 1054 563 1143 casn.
609 988 1022 1150 nuruuiuar‘

516 1292 719 1313 -ι-μ-υ--ι-ι

188 1481 282 1546 Miro
305 1481 414 1567 utique
434 1482 520 1557 sato,
557 1480 608 1544 cui
627 1482 811 1555 Phaedrus,
839 1491 968 1563 praeter
987 1492 1111 1547 ceteros

124 1585 280 1650 innocens
297 1590 411 1667 pocta,
434 1608 494 1687 per
516 1582 575 1647 tria
599 1586 702 1647 adhuc
724 1584 829 1646 secula
853 1583 1014 1648 obnoxius
1032 1583 1110 1661 suit,

76 1735 83 1755 .
123 1701 176 1765 ut,
200 1711 296 1774 quum
320 1709 339 1749 a
359 1689 501 1759 Pithoeo
520 1686 656 1770 primum
672 1696 818 1768 repertus
835 1696 933 1762 esset,
955 1686 1010 1750 vel
1024 1686 1110 1769 ipse,

123 1814 234 1856 novos
253 1803 357 1854 tamen
378 1811 503 1873 semper
526 1788 670 1852 vindices
692 1799 819 1862 nactus,
847 1799 983 1872 propter
1003 1789 1111 1854 futiles

125 1893 326 1968 criticorum
349 1891 562 1957 dubitationes
589 1894 630 1955 ad
656 1903 780 1973 tempus
804 1905 1029 1969 evanesceret,
1057 1893 1110 1956 vel

83 1988 86 1997 ’
121 2001 338 2079 perderentur
360 2006 453 2081 atque
474 1994 567 2059 etiam
592 1994 741 2058 incendio
769 1997 1009 2059 absumerentur
1032 2018 1111 2079 pau·

123 2097 249 2161 cissimi
270 2096 336 2161 eius
359 2097 505 2173 codices,
540 2100 707 2183 denuoque
733 2109 786 2167 aut
814 2097 1034 2162 invenirentur
1059 2111 1112 2163 aut

109 2223 162 2264 ¹eu
184 2210 282 2284 parte
305 2200 414 2263 saltem
437 2211 651 2287 emergerent,
675 2212 710 2261 ut
730 2198 846 2265 Codex
866 2203 1111 2266 Rosamboanua

28 2296 33 2310 ’
119 2316 153 2367 et
186 2302 358 2369 Remensis
391 2302 543 2378 collatio;
580 2326 675 2389 quum
703 2316 869 2387 praeterea
906 2303 1052 2367 Iannellii
1081 2316 1113 2367 et

121 2405 260 2473 Cassitti
288 2404 447 2469 invidiosa
473 2405 681 2477 aemulatione
707 2406 889 2490 prodisseut
911 2410 1037 2493 taudem
1062 2408 1112 2470 sa·
1189 2474 1198 2485 ‚

118 2512 220 2577 bulae
256 2516 382 2584 axau„
419 2531 435 2571 a
467 2508 635 2575 Dorvillio
668 2522 699 2573 et
731 2513 917 2599 Burmanno
948 2513 1110 2574 dumtaxat

118 2612 343 2699 significatam
380 2611 423 2674 ita
453 2623 558 2675 tamen
582 2611 727 2690 mutilae,
765 2603 982 2676 ut'inveutum
1007 2596 1112 2699 ipsum

120 2718 292 2809 plerisque
313 2713 516 2797 displiceret:
540 2748 581 2759 —
617 2719 673 2779 sed
697 2728 773 2798 post
799 2696 1024 2794 haecomnia,
1062 2716 1112 2780 in·

123 2840 240 2906 quam,
277 2820 341 2881 hoc
372 2841 500 2903 quoque
531 2841 633 2901 nuper
665 2819 799 2895 accidit,
836 2831 885 2896 ut,
922 2844 1018 2906 quum
1047 2842 1111 2906 ego

123 2934 281 3008 quattuor
294 2931 363 2982 aute
376 2920 533 2999 mensibus
548 2921 650 2984 omnia
666 2934 794 3004 praeter
813 2921 899 2987 Cod.
912 2924 1111 2987 Duacensem

123 3022 385 3097 etDanieliuum‚
402 3033 568 3109 utrumque
578 3023 654 3086 mihi
666 3036 829 3108 negatum,
846 3025 1051 3108 complexum
1062 3049 1111 3090 me

125 3128 305 3220 arbitratus¹
322 3146 438 3203 esseut,
461 3146 542 3210 quae
560 3129 599 3187 ad
614 3125 756 3188 Phaedri
773 3129 879 3215 apium
897 3108 1112 3209 pertinerent,

125 3232 291 3314 insperata
312 3231 352 3290 ab
367 3230 510 3291 Auerno
530 3229 644 3304 Maro,
673 3230 719 3290 V.
739 3228 799 3303 (1.,
820 3233 859 3291 ad
881 3252 979 3292 meam
1004 3254 1111 3295 curam

123 3331 354 3417 perficiendam
367 3333 555 3394 afferrentur
567 3331 695 3394 auxilia.
718 3332 844 3395 Etenim
857 3331 883 3395 is
891 3377 900 3409 ,
917 3355 979 3418 qua
989 3355 1113 3416 semper

123 3435 229 3499 utitur
238 3434 381 3523 fortuua3
399 3433 525 3496 Perotti
536 3432 689 3498 Codicem
701 3433 733 3497 in
740 3434 897 3499 Vaticana
910 3436 1112 3501 Bibliotheca
1164 3500 1169 3513 x

124 3536 253 3615 invenit
282 3536 459 3621 integrum,
496 3559 588 3621 quem
622 3559 705 3600 nuuc
735 3532 807 3611 cum
840 3537 1007 3623 Germanis
1036 3539 1113 3619 meis
1179 3602 1187 3609 ,

113 3640 252 3725 primus
264 3638 482 3715 communico,
498 3638 698 3737 Danielinum
711 3639 793 3703 idem
810 3644 913 3704 denuo
923 3634 1111 3705 excussit)

176 3803 202 3858 ¹³)
232 3803 255 3848 1:
272 3810 304 3848 .·.·
325 3804 462 3850 lannellius.
505 3805 534 3850 G.
555 3812 587 3847 ε
603 3804 737 3848 Cantibus.
768 3806 806 3850 Β.
827 3814 858 3849 =
875 3805 986 3851 Bothiua.
1022 3807 1052 3853 Ze
1077 3814 1111 3848 z

122 3876 233 3922 zettius.

246 4016 260 4041 ¹,
321 4014 327 4039 1
484 4014 760 4039 m——u'n-
790 4032 808 4049 n
852 4018 854 4023 ⁴
921 4032 925 4041 1
