2834 4630
266 322 329 384 204

264 461 469 545 Flaminaque
491 450 618 526 assiduo
640 463 733 525 terris
754 460 900 525 instantia
922 462 1017 543 pulsu

264 566 310 628 Et
331 565 417 627 dirae
439 567 530 628 eaelo
553 564 663 628 deiecti
687 564 849 648 grandinis
871 564 965 627 ictus.
1227 567 1271 630 80

263 669 336 731 Ver
358 666 458 752 magis
479 666 628 744 infidum,
656 667 756 731 'sauri
778 689 877 752 quum
899 667 1003 731 sidere
1024 667 1134 743 fulsit,

262 772 446 853 Apporta't3
470 769 612 833 Geminis
634 773 742 833 eadem
763 768 972 834 inconstantia
993 781 1138 853 perstat:

263 875 370 952 Quum
391 872 515 944 dederit
536 874 640 957 soles,
664 873 791 935 inducet
812 872 918 935 nubila
940 874 1049 947 eae103

225 1019 228 1023 ›
263 977 384 1040 Nubila
407 997 501 1058 qurum
524 975 662 1053 iruerint,
687 975 810 1037 subitos
830 974 989 1038 'mirabere
1010 975 1115 1050 soles;

263 1081 308 1143 Et
330 1083 425 1143 modo
448 1081 487 1141 de
509 1089 625 1156 vento,
650 1077 758 1163 gelido
781 1080 878 1156 modo
899 1078 1047 1160 protinus
1068 1077 1170 1142 imbre
1223 1079 1268 1142 dd
1401 1120 1402 1129 κ

171 1204 173 1209 ’
261 1183 408 1258 Lucens,
433 1182 554 1244 alterna
576 1180 741 1264 superabit
762 1183 990 1246 nubeserena.
1315 1178 1326 1184 ’

197 1309 201 1319 ·
231 1303 234 1309 ·
262 1285 298 1347 Si
320 1284 432 1348 Venus
455 1283 600 1371 ingressa
622 1295 671 1346 est
692 1282 824 1366 spatiosi
845 1285 947 1371 sidera
971 1283 1110 1361 Cancri,

193 1425 196 1431 ·
258 1389 382 1453 Pacem
403 1389 536 1450 rutundus
558 1388 671 1461 habet;
694 1407 757 1450 non
781 1385 835 1450 ulli
857 1408 998 1468 corpora
1020 1389 1105 1450 soles

261 1488 414 1555 Pestiferi
434 1489 623 1566 incendunt,
648 1509 713 1552 nou
734 1487 838 1551 sidera
860 1490 957 1551 densa
977 1489 1102 1553 solutos

159 1647 164 1660 .
262 1592 458 1676 Astringunt
480 1602 567 1653 artus
589 1589 694 1655 alieno
716 1601 878 1672 tempore3
901 1590 979 1654 lenis
1225 1595 1264 1656 90

223 1743 230 1747 .
263 1694 378 1760 Omnia
401 1708 515 1776 pacato
537 1705 603 1756 tum
626 1691 729 1755 sidere
750 1704 906 1776 temperat
927 1695 997 1756 a'e'r.

187 1804 192 1809 ’
261 1797 314 1862 Aa
335 1796 454 1879 rapidis
476 1797 585 1858 eadem
609 1816 648 1858 ne
669 1794 792 1859 solibus
814 1807 936 1858 aestuet
958 1796 1067 1877 orbis,

261 1899 404 1978 Efficias,
430 1898 538 1984 magni
558 1896 654 1982 signo
677 1909 849 1982 conspecta
871 1897 1005 1964 Leonis.

261 2125 320 2192 (77)
341 2151 370 2164 ·-
390 2120 499 2190 Pbryxa
524 2142 647 2186 saper-ser.
664 2144 677 2172 e
695 2129 725 2174 A.
774 2128 861 2188 (tuit.)
874 2142 955 2188 pecus
974 2137 1001 2176 ut
1018 2129 1166 2191 radiaverit]
1186 2135 1214 2178 de
1235 2147 1258 2192 g.

261 2202 325 2246 coni.
345 2199 383 2245 sb.
406 2222 434 2232 -
453 2213 531 2258 perus
552 2198 717 2244 irradiaverit
733 2200 799 2258 rag.
821 2221 850 2232 -·
866 2199 973 2257 pecudis
992 2200 1132 2246 radiaverit
1148 2202 1177 2247 A.
1207 2201 1260 2258 (78)

260 2295 295 2307 ·-
312 2285 369 2315 eum
386 2271 530 2329 mixtusque
555 2275 646 2329 tragor
669 2263 729 2331 (sic)
749 2269 927 2327 piuaiabilibus
947 2268 1006 2328 (sic)
1035 2271 1065 2316 A.
1113 2270 1167 2328 (79)
1184 2274 1260 2316 terris

261 2338 395 2399 instantia]
424 2342 453 2386 de
480 2354 505 2398 g.
530 2341 593 2384 coni.
617 2338 654 2383 sb.
686 2359 720 2373 -
745 2339 823 2384 terris
840 2345 892 2383 tum
910 2341 1006 2384 stantia
1022 2340 1110 2400 areg.
1145 2339 1202 2399 (80)
1216 2338 1260 2386 ’δίε

260 2399 356 2466 scripsi.
371 2434 404 2444 --
414 2409 495 2454 Dirae
513 2411 583 2454 caeto
603 2408 693 2453 dei'ecti
720 2408 859 2471 grandinis
877 2410 980 2460 (omisso
998 2409 1033 2466 et)
1052 2411 1082 2456 A.
1104 2435 1136 2444 -
1145 2409 1171 2469 E
1191 2413 1259 2455 eaelo

248 2480 313 2531 ,diri
323 2479 413 2525 deiecti
421 2493 464 2540 gr.
484 2481 529 2538 Pg.
551 2477 638 2524 -Est
655 2479 725 2523 eaelo
737 2478 789 2524 diri
811 2477 901 2523 deusti
914 2492 957 2539 gr.
976 2480 1007 2524 F.
1028 2505 1059 2514 —
1077 2478 1192 2526 Etcaeto
1209 2480 1262 2524 diri

259 2550 350 2595 deiecti
372 2552 400 2595 de
419 2563 442 2609 g.
466 2551 530 2595 coni.
552 2549 577 2593 b.
596 2557 635 2603 oo
651 2547 684 2594 Et
699 2549 769 2593 caelo
784 2547 856 2593 dirae
872 2548 963 2593 deiecti
980 2563 1001 2595 s.
1038 2547 1092 2606 (81)
1112 2548 1161 2594 Ver
1176 2552 1259 2610 magis

210 2648 211 2655 κ
259 2617 374 2683 infidum]
393 2621 421 2664 de
448 2631 472 2678 g.
495 2619 559 2664 coni.
579 2618 616 2662 sb.
636 2639 666 2655 -
685 2616 748 2663 Vere
765 2619 850 2679 magis
868 2615 958 2677 nitido]
980 2618 1067 2678 AFPg.
1104 2615 1192 2680 (ibid.)
1203 2617 1259 2679 sal-

257 2687 304 2748 sit]
322 2690 398 2747 Agsb.
416 2712 450 2723 -
466 2685 555 2750 fulxit
569 2688 620 2742 PB.
669 2685 724 2743 (82)
750 2686 883 2747 Apportat]
901 2682 978 2749 (issi)
995 2691 1024 2734 de
1041 2703 1066 2749 g.
1086 2691 1149 2734 coni.
1170 2690 1209 2734 sb.
1227 2708 1260 2721 -

258 2758 357 2819 Adponi
373 2758 404 2804 A.
424 2783 457 2793 -
475 2759 571 2817 Appota
587 2758 643 2813 (sia)
661 2758 707 2817 Pg.
744 2755 829 2815 (lbid.)
847 2757 1028 2818 inconstantia]
1044 2761 1072 2805 de
1093 2773 1118 2818 g.
1138 2761 1201 2804 coni.
1221 2758 1257 2803 sb.

258 2847 294 2865 -
310 2829 453 2874 constantia
476 2830 544 2887 Arg.
590 2821 681 2889 (thid.)
696 2825 804 2901 perstat]
823 2828 862 2872 Sia
881 2829 978 2885 scripsi.
998 2854 1031 2864 --
1045 2831 1157 2889 peristat
1177 2827 1208 2873 A.
1229 2850 1258 2861 -

255 2904 372 2959 praestat
390 2901 436 2957 Pg.
460 2917 495 2933 ··
515 2903 621 2958 praesto
644 2903 683 2942 est
699 2900 727 2941 ds
748 2912 772 2956 g.
792 2899 856 2943 coni.
881 2899 919 2943 sb.
940 2900 987 2954 (De
1011 2899 1040 2944 F.
1061 2913 1109 2945 non
1128 2899 1186 2943 satis
1205 2912 1259 2942 eon·

258 2969 326 3024 stat.)
361 2966 418 3027 (83)
444 2966 554 3028 inducet]
578 2968 609 3013 A.
635 2991 667 3002 ·-
691 2965 788 3012 inducit
808 2968 955 3028 1F.)Pgsb.
1001 2963 1062 3029 (88)
1079 2993 1112 3004 -·
1129 2968 1211 3013 subito
1229 2968 1259 3012 A.

257 3038 340 3096 (titt.)
358 3037 494 3098 mirabere]
512 3038 542 3087 A.
561 3035 633 3096 (Μ)
651 3037 705 3097 gsb.
728 3059 757 3070 -
776 3037 907 3083 mirabiles
936 3039 965 3088 P.
1013 3034 1071 3096 (85)
1089 3037 1120 3083 de
1136 3035 1217 3095 rento]
1237 3048 1257 3082 s.

259 3132 289 3143 -
309 3116 332 3154 te
349 3115 419 3155 uento
439 3110 527 3168 AFPg.
547 3132 580 3143 -
599 3122 655 3152 eum
673 3114 742 3152 uento
763 3109 790 3152 de
808 3121 833 3167 g.
854 3121 920 3164 susp.
940 3108 966 3154 b.
985 3133 1018 3144 ·-
1036 3107 1121 3171 gelido
1141 3107 1260 3166 protinus
1315 3159 1320 3167 Ι

253 3194 307 3229 orn.
327 3179 399 3225 modo
415 3180 447 3226 A.
483 3178 569 3238 (ibid.)
587 3175 679 3238 imbre]
695 3176 815 3236 amigo.
835 3201 869 3212 -
886 3175 991 3237 hymber
1009 3178 1040 3224 P.
1076 3174 1132 3236 (86)
1150 3175 1261 3237 Luceres]

256 3250 311 3309 gsb.
331 3274 364 3284 -
382 3248 477 3295 Luceni
496 3250 547 3295 FP.
566 3267 600 3281 ··
617 3247 695 3293 Lucet
711 3253 735 3292 et
752 3248 887 3305 alterpaiit
905 3248 970 3293 nude
986 3263 1009 3294 s.
1027 3249 1057 3293 A.
1094 3242 1148 3304 (87)
1168 3246 1197 3292 Si
1212 3245 1259 3292 Ve-

256 3317 317 3378 nas]
336 3322 364 3365 de
376 3333 401 3379 g.
415 3321 478 3368 coni.
492 3320 516 3364 b.
530 3343 563 3354 -
580 3317 627 3362 Sin
647 3315 730 3362 Venus
748 3331 769 3361 s.
791 3341 823 3352 -
841 3316 887 3362 Sin
904 3319 965 3363 teris
980 3319 1067 3378 AFPg.
1087 3341 1120 3353 —
1138 3318 1213 3362 cauri
1228 3318 1257 3361 P.

257 3387 314 3444 (88)
341 3402 391 3433 non
419 3389 476 3448 ulli]
500 3385 570 3445 (8.9)
593 3390 620 3433 de
647 3401 671 3447 g.
696 3388 790 3435 erneud.
812 3387 851 3431 sb.
873 3409 902 3420 —
922 3389 1038 3434 nonnulli
1063 3388 1131 3449 APg.
1173 3384 1259 3444 (ibid.)

255 3456 374 3518 corpora]
393 3459 423 3504 A.
443 3457 550 3515 (firmans
567 3471 593 3516 g.
618 3455 696 3516 coni.)
714 3472 735 3505 s.
758 3479 785 3493 -
809 3469 913 3516 corpore
931 3459 993 3519 Pgb.
1016 3459 1051 3504 De
1075 3458 1104 3504 F.
1129 3471 1177 3502 nou
1200 3458 1259 3501 setis

256 3516 379 3573 dorstat(
402 3524 463 3588 (89)
491 3550 522 3564 ·-
546 3527 620 3573 densi
638 3527 670 3572 A.
718 3521 779 3589 (91)
798 3551 830 3562 -
854 3540 910 3572 aum
929 3530 957 3573 F.
978 3527 1116 3573 -sidera
1132 3527 1163 3571 A.
1200 3520 1261 3586 (99)

255 3597 302 3658 Ae]
322 3598 397 3661 Pgsb.
416 3619 450 3633 -·
468 3597 507 3644 Ad
519 3602 547 3643 A.
567 3622 600 3632 -
618 3597 650 3643 Aa
666 3598 695 3642 P.
710 3606 748 3643 oo
759 3596 857 3642 rabidis
870 3603 934 3643 reeta
947 3612 971 3658 g.
987 3611 1053 3653 susp.
1064 3593 1152 3654 (ibid.)
1162 3592 1260 3654 eadem]

255 3669 286 3714 A.
307 3693 339 3704 ·—
358 3668 423 3713 idem
440 3667 491 3723 (F.)
509 3668 584 3727 Pgsb.
605 3687 638 3702 -
656 3672 757 3712 aestuat
771 3667 821 3713 AP.
859 3665 915 3724 (93)
933 3664 1041 3730 Efficiet]
1060 3667 1090 3712 A.
1109 3663 1217 3721 (firmans
1236 3678 1261 3724 g.

256 3732 338 3799 roni.)
355 3738 393 3783 sb.
413 3762 446 3772 -
466 3736 583 3801 Efficient
612 3737 676 3798 FPg.
712 3737 798 3792 (ibid.)
817 3738 906 3798 magni
924 3739 999 3798 signo
1018 3733 1162 3796 conspecta]
1181 3735 1210 3780 A.
1227 3759 1260 3769 —

255 3809 346 3869 magni
361 3813 507 3866 conspectat
528 3808 605 3867 signa
626 3809 655 3855 P.
683 3831 715 3842 -·
739 3807 829 3866 magni
848 3814 981 3866 conspecta
999 3803 1059 3864 (sie)
1082 3807 1159 3866 signa
1177 3807 1206 3851 P.
1229 3826 1258 3837 -·

258 3901 287 3917 -ν
308 3881 399 3940 magni
420 3884 553 3937 conspeetu
579 3878 656 3939 signa
676 3891 701 3936 g.
723 3898 752 3909 -
772 3878 862 3937 magni
882 3892 956 3938 quum
974 3882 1071 3936 spectat
1087 3877 1166 3937 signa
1184 3877 1212 3919 de
1233 3887 1257 3932 g.

193 3972 215 3983 ι·
256 3952 320 3995 coni.
340 3950 378 3995 sb.
417 3946 472 4003 (99)
486 3948 603 4008 plenique
622 3949 649 3993 de
666 3961 691 4006 g.
711 3947 775 3991 coni.
790 3961 810 3991 s.
831 3972 863 3983 ·-
878 3949 994 4007 plerique
1017 3947 1105 4006 AFPg.
1124 3969 1156 3979 -
1171 3945 1260 4004 ptena-

256 4034 302 4079 qae
327 4020 352 4069 b.
384 4041 416 4056 ·-·
442 4018 559 4082 flagores
582 4017 613 4064 A.
666 4015 724 4074 (96)
741 4014 870 4078 Detrahit]
888 4018 989 4079 Aurgi.
1013 4039 1041 4054 -
1060 4012 1170 4064 Attrakit
1187 4015 1215 4060 de
1232 4026 1256 4071 g.
