2834 4630
267 333 308 395 10

181 477 185 493 ’
266 472 569 563 Cornicisaevum‚
594 471 730 557 gloriam
752 472 835 535 tauri
857 471 972 546 trucis,

245 573 352 662 'Equi
373 575 495 640 velocis
513 573 670 659 placidam
693 573 973 650 mansuetudinem,

265 679 310 742 Et
331 681 453 743 adesset
473 676 596 742 homini
617 699 672 741 sua
693 676 796 740 tame'n
818 675 976 741 sollertia.

265 778 425 844 Nimirum
446 780 480 844 iu
502 781 591 846 caelo
614 802 719 844 secum
742 780 827 845 ridet
847 779 1015 862 Iuppiter,

264 885 358 946 Haec
378 882 434 969 qui
455 883 584 969 negavit
604 904 720 968 magno
740 881 876 946 consilio
898 874 1099 958 bominibus,
1208 884 1250 944 to

264 987 316 1049 Ne
339 997 500 1069 sceptrum
522 985 629 1049 mundi
648 996 778 1068 raperet
797 997 906 1048 nostra
928 985 1070 1048 audacia.

264 1089 359 1173 Ergo
380 1089 521 1153 contenti
541 1070 669 1152 munere
691 1087 803 1151 invicti
823 1087 931 1163 Iovis,

264 1191 385 1254 Fatalis
403 1213 503 1255 annos
525 1194 730 1259 decurramus
750 1190 920 1273 temporis,¹
1029 1170 1040 1233 ,¹
1085 1228 1089 1233 ·

265 1295 335 1357 Nec
356 1293 429 1377 plus
452 1316 604 1361 conemur
624 1315 717 1379 quam
737 1292 811 1355 sinit
834 1292 1024 1357 mortalitas.

669 1519 768 1580 [run.
787 1520 846 1580 uu]

359 1640 636 1711 MERCURIUS
657 1642 720 1704 ET
742 1638 870 1704 DUAE
893 1640 1150 1707 MULIERES.

352 1748 358 1763 ’
566 1740 611 1833 ne
629 1779 723 1832 eodem
744 1779 804 1831 atta
820 1776 942 1850 fabella.
1005 1718 1011 1732 Ι

294 1904 508 1987 Mercurium
529 1908 674 1992 hospitio
696 1909 844 1975 mulieres
870 1908 947 1973 olim
971 1911 1050 1972 duae

262 2011 419 2080 Illiberali
438 2023 470 2077 et
494 2010 628 2077 sordido
653 2021 862 2095 receperant:

263 2116 407 2198 Qucum
429 2136 493 2182 una
508 2113 542 2179 in
566 2114 656 2179 cunis
668 2136 808 2198 »parvum
829 2116 970 2179 habebat
987 2113 1106 2192 filium,

263 2218 424 2301 Quaestus
441 2219 589 2300 placebat
611 2217 703 2281 alteri
721 2216 935 2287 meretricius.
1012 2288 1015 2295 ,

261 2323 358 2408 Ergo
380 2332 415 2385 ut
434 2312 573 2386 referret
592 2320 727 2407 gratiam
750 2319 870 2387 officiis
888 2312 1017 2404 parem,
1229 2325 1250 2391 5

262 2424 422 2490 Abiturus
443 2434 475 2488 et
497 2422 558 2487 iam
581 2423 678 2488 limen
699 2427 857 2493 excedens
880 2423 943 2488 ait:

261 2529 367 2594 Deum
386 2526 521 2603 videtis3
543 2527 681 2605 tribuam
703 2526 799 2591 vobis
819 2525 983 2611 protinus,
1029 2526 1032 2531 ’
1072 2516 1076 2525 ’

263 2631 361 2710 Quod
384 2652 527 2716 quaeque
550 2628 683 2713 optarit.
728 2628 841 2694 Mater
860 2628 1049 2715 suppliciter
1068 2622 1185 2716 rogat,

261 2734 438 2798 Barbatum
458 2744 492 2795 ut
512 2732 620 2797 videat
639 2743 745 2794 natum
768 2754 862 2816 quam
883 2730 1020 2814 primum
1042 2744 1150 2812 suu'm3
1214 2724 1216 2729 ¹

261 2836 423 2910 Moecha,
446 2845 480 2897 ut
502 2844 653 2918 sequatur
674 2855 743 2898 sese
764 2832 1098 2921 quicquidptetigerit.
1206 2841 1248 2902 1⁰

261 2928 365 3005 Volat
385 2935 589 3011 Mercurius,
611 2935 698 3000 intro
720 2940 853 3001 redeunt
872 2936 1034 3002 mulieres.

262 3042 422 3109 Barbatus
443 3039 547 3104 infans
567 3061 643 3103 ecce
665 3040 791 3125 vagitus
814 3040 895 3104 ciet:

261 3144 303 3214 Id
319 3166 415 3229 quum
438 3143 525 3209 forte
547 3142 702 3209 meretrix
721 3144 842 3207 rideret
864 3143 1027 3221 validius,¹

261 3249 367 3311 Nares
388 3246 527 3331 replevit
546 3248 682 3322 humor,
705 3257 740 3308 ut
760 3246 832 3310 fieri
855 3248 960 3313 solet:

261 3351 445 3434 Emungere
468 3348 570 3434 igitur
591 3371 625 3415 se
649 3349 759 3412 volens
773 3351 902 3432 prendit
921 3372 1033 3429 manu,
1203 3355 1243 3420 15

263 3452 444 3536 Traxitque
462 3455 503 3514 ad
524 3464 642 3523 terram
662 3451 730 3517 nasi
748 3452 1002 3537 longitudinem,

261 3557 305 3619 Et
327 3554 421 3617 alium
444 3552 551 3618 ridens
572 3554 642 3638 ipsa
662 3554 796 3657 ridenda
811 3555 948 3621 exstitit.

313 3713 371 3755 Fas.
392 3712 425 3754 ll.
463 3709 500 3768 (6)
525 3707 638 3755 Cornicis
656 3724 742 3756 uerum
766 3711 830 3756 dedit
848 3713 920 3757 etiam
936 3712 996 3760 Mai.
1015 3726 1075 3771 pro:
1104 3710 1199 3776 Corpus
1216 3716 1244 3761 in

261 3795 348 3827 uerum
366 3780 423 3828 Vat.
442 3781 507 3835 Nsap

312 3852 372 3896 sus.
391 3851 436 3894 ΙΙΙ.
473 3847 511 3907 (1)
529 3850 589 3893 olim
601 3848 676 3909 duae]
694 3850 769 3895 QZ.
789 3875 822 3886 ·—-
841 3866 889 3897 om.
906 3853 967 3898 olim
981 3854 1126 3911 vrtttcap.
1163 3852 1241 3913 (5)-

256 3935 307 3980 por
322 3923 379 3966 Vnt.
391 3920 466 3976 Neap.
503 3917 559 3977 (13)
578 3919 682 3980 rideret]
699 3921 718 3964 l.
740 3944 772 3954 —
791 3922 857 3967 ridet
871 3923 927 3969 vat.
946 3924 1022 3981 Neap.
1054 3924 1113 3981 ’(17)
1131 3926 1210 3971 auum
1222 3927 1243 3974 l.

261 3993 323 4037 roni.
344 3990 424 4036 firmat
440 3993 496 4037 Vat.
528 3988 638 4049 lutelttge
656 3991 787 4036 barbatum
808 3989 939 4052 insontum
