2864 4622
249 309 309 372 188

246 453 410 534 Acceptus
432 450 520 516 caelo
543 451 704 516 Phoebeis
726 454 815 516 ardet
836 453 868 516 in
891 454 1003 517 armies
1036 488 1043 497 .

247 554 411 627 Coclilidis
433 554 602 639 inventor,
624 556 713 618 cuius
735 555 861 629 Titania
882 557 960 619 flatu

245 659 376 722 Proelia
399 656 555 721 commisit
577 657 722 721 dirorum
746 658 863 723 laetior
885 671 992 734 aetas,

152 746 155 755 ¹
245 760 422 825 Bellantem
444 759 592 823 comitata
613 761 746 837 Iovem,
769 761 895 844 pietatis
918 763 1097 839 honorem,

246 864 292 927 Ut
312 863 419 927 fuerat
441 863 582 949 geminus
604 864 728 937 forma,
752 864 798 927 sic
819 865 940 940 sidere,
964 865 1061 946 cepit.
1084 876 1086 881 '
1184 867 1250 930 560

244 966 328 1042 Hic,
353 967 521 1051 Auguste,
545 978 632 1029 tuum
656 967 785 1051 genitali
807 988 948 1049 corpore
969 989 1083 1029 nitmen
1168 967 1171 971 ’

242 1068 408 1134 Attonitas
432 1070 515 1132 inter
538 1081 650 1154 gentes
671 1070 871 1153 patriamque
893 1082 1066 1151 parentem

244 1173 282 1236 In
306 1173 425 1236 caelum
447 1171 521 1235 tulit
542 1183 574 1235 et
596 1173 745 1235 maternis
766 1171 903 1235 reddidit
924 1173 1032 1236 astris.

243 1275 438 1351 Proximus,
460 1274 591 1338 infestas
614 1275 689 1340 olim
712 1278 791 1359 quas
812 1274 942 1359 fugerat
964 1279 1081 1352 undas,

242 1377 421 1444 Deucalion
443 1398 576 1459 parvam
598 1379 771 1440 defundens
792 1377 910 1441 indicat
930 1374 1053 1441 irruam.
1181 1379 1245 1443 565

242 1483 358 1545 Annua
381 1481 574 1545 concludunt
595 1480 707 1560 Syriae
728 1483 792 1545 duo
815 1480 941 1544 numina
963 1482 1075 1547 Pisces

244 1587 425 1664 Tempora;
448 1595 524 1646 tunc
544 1583 656 1645 iterum
679 1582 858 1664 praedictus
880 1585 1020 1649 nascitur
1043 1587 1145 1661 ordo,
1196 1658 1199 1663 .

244 1686 400 1770 Lanigeri
422 1697 454 1749 et
476 1687 594 1762 Tauri,
621 1687 845 1762 Geminorum,
869 1700 979 1769 postea
1003 1687 1139 1761 Cancri3

153 1876 156 1881 Ι
244 1791 338 1852 Tunc
352 1791 443 1864 Leo,
468 1801 543 1851 tunc
558 1790 686 1874 Virgo,
711 1802 785 1853 tunc
810 1790 966 1871 Scorpios
987 1790 1245 1877 Arcitenensque

243 1894 289 1957 Et
312 1892 435 1977 gelidus
458 1890 676 1973 Capricornus
699 1905 730 1955 et
750 1892 908 1955 imbriferi
930 1895 993 1957 dito
1011 1892 1146 1957 Pisces:
1181 1897 1245 1959 570

242 1994 348 2059 Huius
370 2006 521 2078 quantum
544 1996 622 2058 altas
644 1996 841 2080 demergitur
863 1996 950 2058 orbis
972 1995 1004 2058 in
1026 1998 1125 2059 undas

244 2097 384 2176 Oceani,
409 2110 528 2161 tantum
550 2098 699 2182 liquidum
722 2119 819 2184 super
841 2100 916 2161 adra
937 2099 1040 2175 lucet;

243 2315 318 2361 quum
338 2301 375 2346 rie
392 2299 423 2345 T.
443 2303 472 2346 de
490 2315 515 2361 g.
538 2303 601 2346 coni.
622 2303 659 2345 sb.
697 2298 769 2359 (558)
788 2302 855 2347 Hune
871 2315 895 2347 r.
911 2304 1015 2347 servarit
1033 2304 1099 2348 solus
1119 2304 1149 2348 A.
1168 2305 1244 2349 Abest

242 2386 257 2417 n
277 2371 397 2430 BEGgsb.
435 2373 494 2416 Hine
521 2374 673 2416 coniecturae
698 2371 795 2427 Grotii,
823 2386 923 2429 quarum
952 2373 1045 2417 falsitas
1069 2388 1130 2419 nuuc
1147 2375 1244 2419 demum

242 2442 346 2496 perspici
376 2443 461 2496 potnit.
509 2439 582 2497 (559)
599 2439 737 2486 Bellantem
766 2440 895 2500 comitatu]
930 2441 1041 2502 nuucg.
1063 2466 1086 2475 -
1111 2443 1247 2488 bellantem

242 2517 281 2554 est
300 2511 393 2554 miratu
411 2513 440 2556 de
457 2525 482 2570 g.
506 2512 629 2556 conum.
654 2535 679 2544 -
703 2508 796 2555 honore
815 2524 836 2556 s.
857 2517 939 2556 contra
959 2511 1018 2556 Cdd.
1055 2509 1129 2569 (560)
1147 2511 1243 2571 sidere]

187 2579 218 2591 “’
242 2579 354 2638 anseg.
374 2604 407 2614 -
425 2580 512 2624 sidero
535 2584 563 2624 de
587 2595 612 2640 g.
631 2586 695 2624 coni.
715 2580 752 2624 ab.
773 2605 806 2615 -
824 2582 904 2638 eoepit
922 2581 950 2625 B.
969 2582 1104 2627 Couslrue:
1125 2584 1242 2638 „pietatis

242 2650 359 2709 honorem
376 2653 451 2705 cepit,
471 2652 507 2694 sic
524 2652 603 2695 sidere
621 2651 743 2708 geruinus,
764 2655 789 2694 ut
808 2651 887 2695 fuerat
904 2651 982 2695 forma
999 2653 1117 2710 geminus.
1129 2652 1143 2673 ’'
1170 2649 1242 2707 (562)

238 2717 381 2777 ponentem]
400 2720 429 2764 A.
448 2718 546 2764 firmans
565 2721 679 2779 scaligeri
698 2719 760 2764 roni.
781 2722 905 2774 probatem
922 2720 1019 2766 Grotio.
1040 2722 1077 2766 sb.
1099 2742 1127 2754 -
1144 2713 1243 2778 paren-

241 2795 291 2834 tem
309 2788 398 2848 BEGg.
435 2786 508 2847 (5⁶4)
525 2785 644 2846 infestae]
660 2792 690 2833 A.
710 2791 746 2845 (ut
757 2789 852 2833 volebat
863 2795 902 2848 ς.)
915 2789 953 2833 sb.
973 2815 1005 2825 -
1023 2787 1132 2848 infectas
1149 2791 1240 2850 Bsscg.

241 2857 328 2916 (lbid.)
352 2861 412 2904 olim
437 2857 511 2918 quae]
528 2858 648 2917 BEGgsb.
668 2882 701 2892 -
718 2858 834 2917 relinqua
855 2853 916 2919 (sie)
941 2860 971 2904 A.
1017 2857 1089 2916 (565)
1111 2883 1140 2893 -
1159 2860 1242 2904 Deru·

240 2930 294 2973 lion
308 2928 338 2972 A.
376 2928 461 2986 (1611.)
477 2926 594 2986 perenm]
612 2928 642 2976 Ε,
658 2924 769 2989 (lirrnans
789 2931 906 2983 emendat.
926 2929 962 2989 g.)
981 2930 1018 2974 sb.
1040 2951 1070 2962 -
1086 2931 1242 2988 porumAB-

242 2999 290 3058 (ἃς.
339 2996 426 3056 (loidi
450 2995 600 3057 defundens]
619 2998 649 3042 A.
671 2997 780 3061 (lirinens
798 3001 916 3044 emendat.
939 3004 977 3057 g.)
996 3000 1033 3044 sb.
1054 3023 1087 3033 -
1104 2996 1241 3057 defendens

188 3072 191 3079 ’
242 3069 294 3114 BG.
316 3071 405 3128 Margo
415 3067 447 3113 E.
461 3083 486 3128 g.
505 3093 539 3103 -
558 3068 691 3113 detrudens
708 3069 738 3111 Ε.
773 3068 860 3123 (ibid.)
879 3067 980 3126 urnam]
992 3069 1023 3113 A.
1042 3067 1149 3125 (firmans
1162 3083 1241 3114 emen·

237 3142 291 3186 1151.
307 3137 346 3199 g.)
361 3141 399 3185 sb.
418 3163 450 3172 -
470 3140 556 3183 ulnam
573 3139 663 3198 BEGg.
700 3135 771 3193 (566)
789 3136 904 3197 nomino]
923 3138 951 3186 A.
970 3141 1006 3193 (ut
1026 3140 1119 3183 emend.
1139 3136 1179 3197 g.)
1200 3139 1239 3183 sb.
1340 3146 1343 3151 “

195 3262 197 3267 Ι
242 3232 272 3243 -
292 3210 394 3254 nomina
412 3208 502 3268 BEGg.
547 3203 629 3270 (567)
653 3207 795 3265 Τεηψονα,Ι
824 3206 892 3265 tune]
916 3208 946 3251 A.
971 3230 1004 3243 -·-
1024 3207 1160 3265 Temperat
1175 3206 1240 3252 hune

238 3279 328 3338 treug.
349 3303 382 3313 -
402 3278 543 3336 Temporn;
567 3285 594 3322 nt
609 3276 668 3322 Aine
687 3280 715 3322 de
732 3291 757 3336 g.
780 3279 843 3322 coni.
867 3278 904 3325 sb.
941 3274 1013 3332 (568)
1031 3279 1129 3322 Minime
1151 3291 1237 3333 suppo·

199 3365 209 3369 “
239 3350 308 3393 sititii
327 3363 381 3392 euin
399 3348 486 3393 Grotio
509 3349 609 3392 habendi
631 3353 686 3393 sunt
702 3361 741 3391 vu.
761 3360 848 3404 seqq,
877 3361 948 3404 quum
966 3350 1126 3402 respondeant
1143 3348 1239 3392 Arateis

240 3414 300 3463 545.
320 3431 387 3476 seqq.
410 3424 434 3462 et
451 3419 534 3463 Avieni
560 3415 634 3464 1046.
662 3431 730 3474 seqq.
767 3417 892 3462 Excidisse
915 3422 993 3461 tamen
1011 3418 1103 3462 videtur
1123 3419 1161 3461 vel
1180 3429 1239 3461 unns

239 3490 278 3532 vel
301 3489 365 3542 duo,
386 3488 424 3532 nbi
438 3489 528 3532 mentio
540 3488 602 3532 lacta
619 3488 693 3531 luerit
710 3486 839 3530 Chelarum
855 3492 878 3530 et
900 3488 1008 3544 Aquarii.
1045 3484 1118 3542 (568)
1138 3488 1168 3530 tu
1185 3499 1245 3540 nos,

238 3556 357 3614 BEGgsb.
378 3581 411 3591 -
429 3557 553 3618 Lanigeri
573 3562 598 3601 et
617 3557 713 3616 Aur-ige
739 3557 863 3600 rninorum
879 3563 939 3614 post
958 3571 988 3600 ea
1012 3556 1042 3600 A.
1091 3553 1163 3613 (569)
1181 3561 1239 3599 tune

239 3625 369 3684 Scorpios]
397 3627 426 3670 A.
459 3638 490 3669 =
521 3632 571 3670 tum
598 3626 640 3670 Sc.
666 3626 785 3684 BEGgsb.
809 3623 950 3685 (Scorpion
975 3626 1046 3670 ABE.
1068 3636 1099 3668 =
1119 3623 1240 3682 Scorpius

171 3710 174 3715 ’
221 3696 307 3759 ,fist-l
342 3695 425 3752 (ibid.)
447 3694 652 3755 Arcitenensque]
676 3695 741 3740 AEs.
764 3707 794 3739 =
814 3686 1027 3754 Arquiteneneque
1046 3695 1130 3753 flng.
1167 3692 1239 3751 (570)

238 3765 351 3827 gelidus]
369 3766 487 3824 reteget».
512 3790 545 3800 —
572 3766 689 3826 geminus
708 3766 737 3809 A.
760 3787 789 3798 -
808 3771 833 3809 et
846 3765 922 3808 imbri
931 3762 1003 3822 feret
1019 3764 1068 3809 duo
1087 3765 1115 3824 pi
1133 3764 1188 3819 (sic)
1208 3768 1237 3808 A.

238 3834 310 3891 (571)
329 3839 379 3881 llos
404 3842 516 3893 quattuor
538 3849 576 3880 vv.
598 3831 743 3880 stt-574.
764 3838 831 3878 solus
850 3826 954 3879 servalit
974 3836 1003 3879 A.
1023 3834 1115 3883 Abeunt
1134 3849 1146 3875 a
1162 3833 1239 3877 BEG·

238 3908 296 3964 gsl).
333 3902 461 3966 (573)-
479 3911 536 3949 celo
552 3908 581 3949 A.
619 3902 692 3960 (574)
711 3929 743 3941 -·
761 3905 788 3948 in
807 3906 910 3958 reuisit)
927 3903 957 3948 A.
996 3901 1067 3957 (575)
1087 3900 1163 3947 Orbis
1177 3916 1238 3958 peu·

232 3974 301 4037 sceti
317 3977 414 4023 dirim
433 3977 529 4021 totlitur
546 3972 634 4034 orcus]
651 3976 682 4019 A.
702 3994 737 4009 -
753 3974 816 4023 deri
822 3970 933 4033 perfecti
948 3973 1045 4020 dirim
1060 3973 1158 4018 tollitur
1169 3970 1238 4016 orbis
