2870 4626
189 294 194 301 .
267 312 289 391 ¹6

269 458 376 534 (atque
399 449 568 529 Utinensis)
591 471 608 550 a
635 446 807 512 Schwabio
833 450 879 511 V.
904 449 945 515 C.
972 460 1116 512 accurate
1139 449 1259 527 editns3

249 555 362 614 ‘ambo
378 565 479 614 tamen
500 552 632 614 maxima
653 573 722 612 cum
745 551 889 614 cautione
911 552 1112 615 consulendi:
1144 552 1261 635 quippe

269 655 322 737 qui
346 653 478 736 ligatum
501 655 637 739 Phaedri
660 675 837 717 sermonem
859 654 1036 730 solventes,
1061 654 1144 717 omni
1166 655 1263 717 inter-

267 757 437 838 polationis
458 778 575 839 genere
590 756 737 820 consulto
758 756 825 829 usi,
851 777 979 818 suorum
996 757 1171 859 seculorum
1188 759 1261 818 bar-

267 859 367 921 bariei
390 860 470 922 vel
462 859 552 921 inviti
573 859 690 921 luerint
712 857 857 921 abnoxii.
918 850 925 879 ⁸
1091 868 1094 872 '

330 963 359 1025 I.
384 960 536 1025 Codicem
558 963 766 1023 Pithoeanum
795 958 1043 1036 accuratissime,
1067 961 1110 1024 ita
1131 972 1166 1024 ut
1188 962 1262 1025 mihi

268 1064 393 1163 quidem
418 1063 612 1146 paucissimis
640 1063 718 1125 locis
752 1061 838 1123 dubii
871 1062 988 1147 aliquid
1017 1064 1259 1142 remanseriut),

267 1189 369 1249 nuper
390 1167 484 1228 edidit
505 1167 647 1249 Berger:

329 1266 531 1342 Phaedri,
566 1271 660 1350 Aug.
685 1267 841 1342 Liberti,
869 1269 1075 1331 Fabularnm
1096 1268 1262 1351 Aesopia·

229 1436 231 1441 ,
266 1394 345 1437 rum
374 1371 480 1433 libros
505 1381 655 1453 quatuor
678 1393 725 1432 ex
749 1371 871 1435 Codice
896 1372 979 1433 olim
1009 1370 1261 1456 Pithoeano,

266 1475 402 1537 deinde
398 1472 686 1547 Peleteriano,
713 1494 802 1534 niens
820 1474 856 1537 in
878 1473 1077 1536 bibliotheca
1095 1473 1173 1539 Viri
1199 1493 1262 1536 ex·

267 1575 495 1638 cellentissimi
516 1596 556 1636 ac
584 1575 788 1638 nobilissimi
816 1577 915 1638 Lud.
945 1575 1188 1657 Lepeletier
1216 1579 1262 1640 de
1326 1652 1329 1656 ¹

269 1680 487 1753 Romano,
523 1664 762 1754 Marohionis,
792 1678 893 1742 Paris
914 1678 1099 1754 Franciae‚
1122 1679 1262 1761 amplis-

266 1781 355 1844 simo
378 1781 521 1844 Senatui
542 1802 566 1842 a
595 1780 734 1843 secretis
760 1793 845 1843 caet.
872 1793 958 1844 caet.
982 1793 1146 1844 contextu
1170 1782 1263 1845 codi-

264 1884 314 1946 cis
336 1903 425 1945 nunc
447 1883 600 1966 primurn
625 1882 757 1966 integre
782 1882 821 1944 in
847 1884 958 1946 lucem
979 1887 1133 1967 prolato,
1165 1884 1260 1946 adie-

267 1998 387 2070 ctaque
415 1985 580 2048 varietate
599 1985 751 2048 lectionis
775 2009 793 2047 e
811 1986 924 2048 codiee
940 1986 1117 2063 Remensi‚
1151 1987 1264 2049 incen-

267 2087 327 2151 dio
351 2100 571 2169 consumpto,
607 2109 631 2149 a
660 2090 763 2150 Doni.
800 2088 977 2153 Vincentio
1010 2088 1092 2151 olim
1123 2101 1263 2152 enotata

267 2213 347 2253 enm
365 2190 636 2274 prolegomenis,
666 2191 905 2266 annotatione,
930 2191 1040 2254 indice
1067 2192 1173 2255 edidit
1199 2193 1289 2258 Ιιι-.

266 2294 346 2356 Ιίιιε
379 2294 536 2376 Berger
569 2295 612 2355 de
641 2293 815 2371 Xivrey.
873 2293 1035 2369 Parisiis,
1073 2295 1271 2377 excutiebat

266 2395 470 2460 Ambrosius
489 2395 659 2458 Firminus
681 2395 801 2458 Didot.
825 2395 1107 2460 MDCCCXXX.
1131 2398 1163 2459 8.
1184 2415 1259 2479 pag.

266 2498 342 2561 266.
386 2497 646 2581 Elegantissimae
665 2495 756 2559 huius
780 2497 923 2561 editionis
940 2499 1063 2562 nonnisi
1084 2499 1260 2564 CCXXV.

267 2600 461 2682 exemplaria
481 2610 604 2662 exstant
629 2598 752 2691 singule
771 2621 831 2663 sno
853 2622 983 2665 numero
1006 2601 1163 2686 insignita.
1267 2682 1269 2691 J

329 2703 421 2765 Haec
440 2713 542 2775 autem
555 2704 679 2786 Berger
694 2701 788 2765 tradit
801 2706 838 2766 de
851 2702 934 2767 Cod.
945 2704 1122 2768 Pithoeano
1138 2728 1171 2786 p.
1185 2708 1237 2782 54.
1251 2728 1259 2768 :

324 2841 362 2895 Le
381 2840 568 2908 fac-simile,
596 2846 642 2913 qui
661 2850 703 2895 esi
720 2848 782 2914 pris
800 2861 849 2892 sur
867 2844 896 2894 la
911 2845 1047 2914 premie‘rc
1066 2845 1161 2896 moitis?
1179 2845 1213 2896 de
1231 2847 1260 2897 la

263 2953 340 3009 page
368 2943 418 3002 70,
453 2953 596 3009 proterrere
620 2954 679 2986 arca
704 2941 897 2987 connaissenrs
922 2956 972 3008 que
993 2938 1021 2988 le
1048 2945 1200 2990 manuscrit
1228 2940 1261 2989 de

207 3043 209 3047 “
267 3029 395 3083 Rosaubo
414 3029 486 3080 n'est
511 3037 711 3080 certarnement
726 3047 780 3100 pas
795 3030 859 3100 plus
878 3031 972 3081 recent
998 3050 1046 3101 que
1065 3032 1090 3082 le
1111 3033 1151 3083 Χ·
1170 3035 1261 3092 sibele.

267 3126 295 3177 Il
318 3132 360 3176 est
385 3132 446 3175 tout
470 3127 561 3174 entier
580 3121 660 3173 d’une
684 3123 841 3174 tris-belle
866 3129 1072 3178 conservation.
1110 3125 1261 3178 L'e'eriture

268 3226 312 3270 est
336 3217 369 3269 de
394 3218 423 3269 la
441 3218 506 3288 plus
527 3215 636 3284 grande
655 3217 828 3283 regulariter&
860 3220 926 3268 c'est
944 3225 1015 3268 cette
1034 3221 1182 3271 minuscule
1207 3232 1261 3269 arss

268 3309 365 3362 rondie
385 3310 422 3361 du
441 3311 481 3362 Xe
500 3311 580 3361 sie'cle
600 3328 649 3379 que
668 3311 708 3360 les
724 3309 912 3380 calligrapbes
930 3309 963 3362 de
975 3311 1107 3363 Florence
1119 3313 1261 3364 imite'rent

267 3423 305 3456 au
324 3402 386 3457 XV
383 3404 426 3471 I‘,
446 3409 518 3454 mais
537 3423 570 3455 en
590 3405 746 3455 diminuant
764 3404 793 3454 la
813 3404 966 3455 dirnension
985 3404 1029 3456 des
1048 3405 1162 3470 lettres‚'
1185 3414 1213 3457 et
1228 3425 1261 3457 en

269 3505 371 3548 ornant
390 3498 464 3547 leurs
483 3497 652 3565 majuscules
677 3497 711 3547 de
724 3498 814 3566 solies
833 3498 1014 3570 orabamus,-
1042 3499 1137 3575 tandis
1155 3518 1204 3567 que
1222 3500 1263 3550 les

269 3595 437 3642 manuscrits
456 3590 505 3640 des
523 3590 579 3641 ΙΧε
598 3600 628 3641 et
647 3591 687 3642 Xe
706 3592 803 3642 siecles
820 3593 900 3643 n'ont
917 3593 942 3643 le
951 3592 1017 3662 plus
1029 3601 1145 3643 soreoeut
1158 3568 1262 3663 aucune

320 3817 345 3878 *)
363 3820 471 3875 Exempli
495 3820 571 3879 gratia
593 3819 647 3865 Lib.
672 3816 695 3867 3.
724 3821 824 3879 Prolog.
849 3834 871 3863 v.
893 3818 934 3865 52.
960 3825 1039 3864 utrum
1057 3821 1116 3866 God.
1136 3823 1201 3868 Pith.
1221 3824 1261 3866 ha·

268 3891 338 3936 beat:
356 3890 436 3947 potuit
452 3891 477 3933 ei
493 3890 559 3944 Ans,
581 3895 605 3933 ut
623 3894 722 3933 testatur
740 3892 847 3949 Berger,
867 3904 896 3933 an
906 3901 912 3934 :
923 3892 1010 3959 npetuit
1026 3890 1073 3938 An.
1094 3892 1148 3937 Lib.
1169 3891 1198 3949 l,
1218 3891 1260 3948 25,

270 3959 295 4004 8.
315 3961 375 4004 falso
394 3960 485 4004 videtur
503 3961 563 4004 Col.
583 3960 647 4004 Pith.
667 3961 771 4005 tribuere
791 3965 817 4004 ut
833 3959 912 4003 risorie
930 3973 974 4015 pro
992 3962 1079 4005 morie.
