2870 4626
268 304 310 368 st

265 441 375 508 Gratis
397 432 681 519 anhelans,.multa
703 444 826 526 agendo
850 439 924 504 nihil
948 462 1066 526 agens,

268 545 336 610 Sibi
359 545 489 612 molesta
512 557 543 608 et
560 544 633 608 aliis
656 545 875 609 odiosissime:

267 650 361 711 Hanc
383 651 568 724 emendare,
592 647 619 711 si
641 659 743 710 tamen
765 669 915 729 possum,
942 648 1019 711 volo

266 752 354 814 Vera
375 751 511 822 fabella:
534 751 669 835 pretium
692 762 739 814 est
761 771 879 832 operae
903 752 1077 815 attendere.

309 852 431 919 Caesar
453 850 602 917 Tiberius
624 875 718 936 quum
740 864 849 934 petens
873 852 1040 936 Neapolim

265 956 304 1019 In
327 956 541 1020 Misenensem
562 956 668 1019 villam
690 955 828 1018 venisset
849 977 954 1034 suam,

268 1060 359 1141 Quae
381 1070 488 1123 monte
510 1081 633 1129 summo
654 1059 758 1140 posita
780 1058 908 1121 Luculli
932 1080 1024 1121 manu
1097 1098 1099 1103 -

266 1163 459 1245 Prospectat
481 1160 621 1225 Siculum
644 1172 676 1224 et
696 1161 885 1242 †prospicit
907 1163 1047 1225 Tuscum
1071 1181 1172 1237 mere,
1225 1165 1266 1225 10

267 1265 322 1330 Ex
344 1262 508 1332 alticinctis
528 1284 607 1326 unns
630 1262 838 1337 atriensibus‚

269 1365 333 1432 Cui
352 1366 457 1433 tunica
478 1368 518 1429 ab
540 1366 678 1431 humenis
700 1365 797 1430 linteo
818 1365 952 1430 Pelusio

269 1469 351 1533 Erat
373 1467 543 1543 destricta,
563 1467 655 1531 cirris
676 1468 941 1550 dependentibus,
992 1508 995 1527 ,

269 1570 514 1640 Perambulante
534 1571 617 1634 laeta
638 1572 767 1635 domino
791 1570 921 1646 viridis,

266 1673 407 1738 Alveolo
430 1671 537 1756 coepit
558 1673 665 1758 ligneo
687 1694 901 1757 conspergere
1226 1676 1265 1740 ld

266 1777 407 1843 Humum
428 1787 637 1855 aestuantem,
660 1775 811 1852 †iactans
836 1775 971 1845 officium
993 1798 1104 1841 comer

268 1880 332 1943 Sed
354 1877 526 1948 deridetur.
570 1878 648 1941 lude
670 1878 755 1941 notis
776 1878 911 1941 flexibus

268 1979 456 2045 Praecurrit
479 1980 571 2043 alium
592 1979 622 2043 in
646 1991 791 2059 xystum,
816 1984 925 2043 sedans
947 1982 1125 2064 pulverem.

267 2082 427 2168 Agnoscit
447 2082 603 2149 hominem
625 2080 746 2146 Caesar
766 2103 897 2167 remque
918 2082 1093 2169 intellegite

266 2185 285 2223 i
306 2195 341 2247 ut
361 2185 487 2267 putarit
506 2206 576 2255 esse
597 2183 704 2248 neseio
727 2184 803 2268 quid
824 2185 918 2256 bonit
1205 2190 1271 2255 dd

267 2288 376 2352 Heusl
399 2286 501 2371 inquit
522 2285 679 2351 dominus.
723 2287 783 2351 Ille
805 2287 969 2353 enimvero
991 2289 1112 2366 adsilit,

267 2388 585 2460 Donationis-alacer
605 2401 709 2456 certae
732 2389 861 2473 gaudio.

318 2640 378 2684 Pes.
398 2641 428 2685 V.
464 2638 525 2684 Item
544 2635 649 2698 Caesar]
667 2638 707 2682 Sic
724 2639 753 2687 Ρ.
773 2638 802 2685 R.
822 2636 883 2691 „Cet
900 2641 957 2684 item
975 2639 1109 2687 donneroit
1125 2636 1141 2685 d
1155 2655 1259 2701 penses,

265 2708 326 2766 qn’s'l
350 2721 369 2767 γ
393 2722 410 2752 o
436 2711 537 2767 quelque
561 2710 650 2752 lncune
673 2706 847 2765 psc‘ce‘denle.”
886 2710 999 2761 Vincent,
1017 2712 1072 2755 Del.
1095 2710 1154 2754 item
1171 2713 1218 2756 iam
1236 2727 1261 2768 p.

266 2775 307 2835 (1)
324 2775 491 2837 ardelionum]
510 2779 568 2831 „Sic
590 2778 728 2822 Schwsbius
746 2792 800 2822 cum
816 2778 927 2826 Pithoeo.
949 2801 978 2813 -·
998 2777 1158 2824 ardalionum
1175 2782 1204 2825 Ρ.
1217 2781 1259 2836 ll„

265 2848 327 2903 quod
350 2848 481 2892 Salmasius
505 2847 609 2891 tuetur.''
626 2847 703 2894 Besu.
750 2844 790 2904 (2)
814 2847 935 2904 occupatu
953 2849 980 2892 in
1001 2846 1060 2907 otio]
1084 2862 1108 2904 p.
1127 2851 1152 2897 S.
1173 2872 1202 2883 -
1222 2863 1262 2895 oc·

265 2921 356 2974 eripete
382 2917 447 2963 notio
470 2917 499 2967 P.
525 2916 554 2968 li.
592 2914 632 2973 (8)
656 2915 687 2965 In
706 2914 887 2975 Misenensem]
913 2931 935 2973 p.
957 2919 982 2962 S.
1004 2939 1033 2950 -
1053 2916 1083 2962 ln
1097 2916 1263 2967 Misenensem

264 2987 296 3030 R.
318 3007 347 3018 -
371 2985 583 3032 Immisins‘snssm
611 2986 642 3030 P.
671 2985 710 3041 (ln
733 2984 909 3039 Misinisnsem
938 2988 1003 3032 Bith.
1032 2988 1055 3031 in
1083 2989 1141 3032 Ver.
1172 2989 1262 3045 Lecti.)

263 3056 333 3111 („Sic
352 3068 395 3110 pro
417 3054 447 3099 ln
463 3053 656 3110 Misiniensem5
683 3069 741 3112 quse
765 3058 836 3101 lectio
858 3071 873 3099 a
894 3057 958 3100 nullo
987 3071 1070 3100 corum
1100 3063 1261 3114 memoratur,

265 3126 305 3183 qui
326 3126 387 3171 huuc
405 3126 512 3173 codicem
538 3138 564 3169 se
583 3126 670 3189 legisse
694 3126 897 3180 praedicaverunt.
938 3125 965 3169 ln
984 3130 1067 3170 nostro
1089 3139 1142 3171 esse
1167 3141 1261 3173 seseve.

266 3200 322 3239 runt
339 3194 445 3249 Gudius,
463 3195 498 3255 ‚in
514 3191 713 3254 Miseniensem5
740 3194 882 3248 Nescimus,
907 3194 935 3241 in
955 3192 1115 3250 Misnisnse,·
1133 3197 1260 3251 lleinsius,

264 3265 293 3308 in
310 3261 468 3309 Misenensi:
497 3277 579 3313 ornnes
603 3264 674 3310 falso.
721 3263 771 3308 Nec
799 3265 847 3307 ulla
869 3267 906 3307 est
934 3263 980 3308 hoc
1004 3266 1028 3313 in
1047 3266 1100 3310 loco
1124 3267 1262 3313 retractatio

264 3333 423 3390 scripturas.”
451 3333 540 3389 Besa.)
587 3331 625 3391 (9)
646 3330 756 3391 Luculli]
776 3346 803 3387 p..
819 3334 845 3377 S.
864 3351 899 3371 ··.-
915 3331 999 3378 Lucili
1015 3335 1045 3379 R.
1067 3356 1097 3373 ν-
1115 3334 1210 3380 Lucilii
1227 3333 1263 3393 (l)

263 3405 295 3450 P.
312 3426 345 3439 -·
358 3403 424 3453 ein.
438 3407 467 3448 et
484 3404 561 3463 Bong.
580 3407 708 3448 enotsrnnt
724 3401 816 3452 Lucili.
836 3399 891 3460 (tl)
901 3401 1036 3462 prospicit]
1051 3404 1081 3453 P.
1095 3418 1119 3460 p.
1130 3414 1168 3451 oo
1180 3404 1265 3463 despuis

264 3477 301 3519 cit
317 3473 404 3527 Guysl.
423 3473 501 3521 Beull.
521 3474 547 3517 S.
567 3497 600 3507 -
618 3473 722 3529 respicit
739 3473 822 3517 llsius.
842 3473 862 3516 1.
882 3473 910 3517 F.
932 3472 1039 3519 Gronov.
1055 3473 1163 3519 Lectioni
1182 3474 1262 3531 respi·

264 3546 300 3589 cit
326 3543 392 3589 levet
423 3542 489 3587 locus
519 3555 619 3598 prorsus
642 3542 728 3592 similis
756 3542 855 3598 Corippi
882 3543 909 3586 in
937 3542 1038 3589 leudem
1064 3542 1156 3589 lustins'
1172 3558 1197 3593 s.
1219 3542 1261 3599 99,

264 3611 369 3669 (domus)
393 3624 463 3668 pors-
476 3612 602 3668 psospicit
622 3624 673 3656 unc
696 3609 848 3656 immensum
863 3613 993 3670 pelagum
1015 3624 1081 3670 poss
1102 3614 1207 3671 respicit
1222 3615 1263 3658 el.

264 3688 319 3727 lero
332 3687 443 3740 portum.
474 3702 503 3721 -.-
524 3678 649 3738 pes-spicit
674 3694 699 3739 g.
727 3678 834 3736 (Remi)
865 3681 912 3729 lac.
933 3679 1040 3727 Gronov.
1086 3680 1198 3740 (11)»-
1217 3683 1264 3729 alti

263 3754 361 3798 cinctus
378 3765 402 3811 g.
450 3747 504 3806 (12)
524 3773 556 3784 -
575 3749 669 3803 uenenis
686 3750 716 3794 P.
764 3747 819 3807 (13)
844 3759 883 3797 mo
908 3747 1024 3798 districto
1048 3751 1069 3794 l.
1094 3751 1122 3795 P.
1152 3752 1262 3801 Gronov,

263 3822 318 3877 (ll)
343 3817 447 3878 eis-idio]
469 3819 588 3878 Boagsrs.
614 3820 716 3873 Saintes.
740 3820 823 3870 Heius,
851 3820 877 3863 S.
909 3841 942 3852 -
972 3818 1107 3864 eis-idionis
1129 3821 1159 3865 P.
1178 3822 1208 3866 R.
1237 3836 1261 3877 p.

262 3889 318 3949 (45)
338 3912 367 3923 -
386 3901 558 3948 conspergere
574 3889 605 3933 P.
623 3888 653 3937 li.
671 3902 695 3943 p.
741 3885 795 3945 (16)
813 3889 853 3933 Sic
877 3895 988 3944 corrupte
1012 3890 1042 3934 P.
1061 3890 1092 3934 ll.
1111 3890 1262 3936 »iactatu

261 3960 379 4023 officium·
401 3970 486 4002 comes
513 3964 546 4013 p.
564 3979 594 3991 -
618 3958 718 4014 iactans
748 3957 858 4022 officinm
883 3970 976 4005 comss-
990 3960 1098 4009 Wssius.
1122 3960 1261 4015 Bothe„-
