2834 4630
668 469 769 530 [ren.
791 472 874 534 xva]

390 602 393 605 ‘
496 599 704 668 AESOPUS
732 600 1029 670 ET'DOMINA.

470 741 562 814 Quam
588 750 691 795 noceat
722 759 805 815 saepe
829 760 928 797 verram
957 746 1057 799 dicere.

315 884 466 966 Aesopus
486 880 578 965 'turpi
599 904 696 968 quum
716 882 854 947 serviret
876 883 1030 959 feminae,

273 987 362 1069 Quae
382 1007 416 1050 se
437 983 644 1070 expingendo
664 995 768 1050 totum
788 984 960 1050 intricabat
980 987 1080 1065 diem,
1117 972 1122 991 ⁸

269 1092 420 1165 Vestem,
442 1087 593 1168 uniones,
614 1109 743 1165 aurum,
766 1100 933 1174 argentum
953 1103 1106 1168 sumeret,

267 1194 340 1257 Nec
356 1190 516 1283 inveniret
537 1189 641 1275 digito
663 1191 720 1277 qui
740 1213 774 1256 se
794 1202 958 1277 tangeret3
999 1230 1001 1245 ι

266 1294 403 1361 Licetne
425 1292 552 1377 paucis,
573 1292 699 1379 inquit?
741 1294 853 1358 Dicas.
899 1294 1041 1373 Censeo,

267 1396 405 1480 Quidvis
428 1394 567 1473 efficies,
591 1395 709 1459 cultum
732 1394 759 1459 si
780 1397 984 1479 deposueris.

266 1504 402 1566 Adeone
422 1514 552 1585 per'me
575 1497 691 1563 videor
710 1496 772 1562 tibi
793 1499 1001 1565 meliuscula?

175 1676 179 1679 ,
264 1606 388 1680 Immo,
411 1602 473 1666 nisi
494 1599 637 1678 dederis,
663 1604 788 1686 sponda
810 1602 946 1669 cessabit
965 1614 1032 1668 tua.
1120 1630 1126 1637 ·

264 1708 312 1772 At
332 1727 399 1771 non
421 1707 589 1769 cessabunt
608 1704 730 1783 latera,
750 1705 937 1786 respondit,
959 1717 1032 1783 tua;
1122 1779 1126 1786 ⁸

263 1812 309 1877 Et
332 1806 502 1894 obiurgari
522 1805 614 1871 iussit
634 1798 763 1871 servum
787 1808 964 1893 garrulum.

264 1914 347 1978 Post
368 1911 466 1996 paulo
488 1909 644 1974 armillam
664 1909 751 1974 tollit
771 1909 827 1973 sur
847 1923 1043 1995 argenteam.

266 2017 348 2080 Eam
367 2036 434 2080 non
455 2022 667 2098 apparerent
689 2011 808 2076 dictum
830 2025 877 2077 est
897 2013 1038 2091 mulieri,
1070 2037 1072 2041 ·

226 2118 229 2124 ’
264 2120 393 2183 Furore
415 2116 509 2201 plena
530 2128 628 2182 vocat
651 2136 761 2181 omnes
782 2127 815 2179 et
840 2119 977 2181 verbera

264 2219 430 2303 Proponit
455 2216 585 2305 gravia,
608 2240 718 2283 verum
740 2217 851 2282 sinon
873 2217 1025 2284 dixerint.

261 2322 347 2388 Aliis
365 2321 504 2399 minare,
525 2320 647 2408 inquit,
668 2341 719 2385 me
739 2341 806 2385 non
827 2320 935 2398 falles,
957 2324 1056 2387 hera:
1206 2332 1246 2393 15

261 2425 392 2512 Flagris
412 2447 480 2491 sum
504 2445 631 2502 caesus,
653 2442 766 2490 verum
787 2422 862 2511 quia
883 2423 954 2493 dixi
975 2429 1086 2492 modo.
1217 2498 1219 2509 ¹

645 2651 744 2712 [run.
769 2653 864 2715 xvia]

294 2773 478 2867 GALLUS
500 2769 711 2837 LECTICA
736 2773 769 2837 A
789 2774 986 2840 FELIBUS
1008 2774 1205 2844 VECTUS.

314 2916 441 2973 Nimiam
449 2906 631 2969 securitatem
641 2918 765 2985 sarpeia
774 2914 929 2985 periculum
941 2912 1066 2968 homines
1075 2916 1184 2974 ducere.

299 3046 394 3113 Feles
416 3046 556 3109 habebat
577 3018 680 3130 gallus
699 3042 896 3109 lecticarios.

259 3152 357 3215 Hunc
379 3147 524 3235 gloriose
543 3148 655 3233 vulpes
676 3157 711 3211 ut
730 3146 814 3211 vidit
834 3147 927 3226 vehi,

261 3251 316 3318 Sic
336 3264 384 3316 est
404 3253 533 3318 locuta:
557 3252 685 3317 Moneo
705 3271 900 3334 praecaveas
920 3251 1048 3317 dolum:

309 3430 370 3475 Fun.
389 3427 458 3473 nvt.
507 3422 545 3486 (2)
563 3426 632 3470 Fort.
651 3424 784 3471 intricaret
807 3425 855 3471 Oa.
910 3421 953 3488 (3)
979 3425 1088 3489 Vectem]
1110 3429 1240 3489 Exemplar

258 3501 343 3545 Burni.
362 3499 382 3544 1.
403 3500 432 3543 Z.
458 3519 492 3530 -
516 3496 604 3541 Vestes
620 3498 677 3541 Vct.
697 3495 773 3551 Neap.
821 3494 859 3555 (8)
869 3489 996 3555 'cesecbitj
1012 3499 1096 3545 Burin.
1116 3503 1136 3547 1.
1154 3504 1184 3547 z.
1203 3526 1239 3539 ..-

258 3569 367 3614 cessavit
385 3571 442 3613 Vct.
461 3565 538 3622 Neap.
592 3566 650 3624 (11)
672 3564 733 3610 Post
744 3565 833 3624 paullo
851 3567 980 3611 arinillom
997 3569 1062 3613 tollit
1075 3566 1127 3627 fur
1144 3585 1239 3633 argon.

257 3636 333 3697 team]
352 3640 392 3683 Sic
409 3637 495 3693 scripsi
513 3638 541 3681 de
560 3637 623 3681 coni.
643 3650 704 3682 inea.
730 3655 765 3669 -
787 3634 876 3679 Paullo
888 3642 948 3699 poet
964 3638 1093 3682 crtnillcm
1115 3643 1239 3685 tollitur.

255 3715 372 3772 genteam
391 3710 448 3753 Vat.
467 3706 543 3761 Neap.
614 3703 669 3763 (12)
698 3701 773 3763 Eam]
798 3705 819 3749 1.
847 3706 877 3751 Z.
916 3727 946 3739 -
983 3704 1064 3768 Quam
1086 3711 1142 3755 vce.
1160 3710 1238 3768 Neap.

258 3778 315 3840 (13)
334 3784 403 3823 cocat
415 3789 518 3831 omnee,
538 3781 563 3819 et
575 3775 679 3820 cerbere
693 3771 823 3832 Proponit]
835 3775 864 3819 C.
876 3777 905 3821 Z.
917 3775 1001 3834 (Mai.)
1020 3802 1053 3813 —
1070 3787 1141 3824 occat
1155 3783 1239 3827 omnis

257 3848 293 3896 cd
308 3848 426 3905 cerdera;
449 3846 569 3903 Proponit
586 3847 642 3890 Vat.
660 3845 709 3898 (hic
724 3844 875 3902 praeponit).
906 3844 966 3902 (16)
976 3844 1071 3907 folles]
1087 3856 1112 3894 ut
1128 3851 1239 3897 coniece-

254 3933 323 3975 rant,
342 3920 399 3963 vat.
419 3939 453 3951 -
462 3912 542 3976 fallis
559 3915 636 3973 Neap.
672 3912 758 3972 (thid.)
774 3911 848 3974 tera]
866 3916 905 3961 Sic
917 3917 1003 3973 scripsi
1016 3919 1044 3964 de
1056 3933 1109 3963 meo
1124 3922 1187 3964 coni.
1202 3944 1237 3957 -

257 3995 325 4035 corte
343 3990 399 4036 Vct.
418 3986 493 4043 Nesp.
513 4009 545 4021 -
563 3983 663 4045 quidem
680 3985 701 4029 l.
