2864 4622
661 543 759 613 [ruo.
784 552 897 612 nuru]

526 698 741 807 FQRMICA
763 704 825 766 ET
847 694 1020 766 Musca.

328 840 396 923 [Nil
419 862 530 926 agere,
554 846 642 927 quod
662 864 726 907 non
746 841 873 924 prosit,
895 842 1011 905 fabella
1032 839 1176 920 indicata]

286 944 432 1008 Formica
455 957 486 1007 et
507 966 612 1008 musca
633 947 863 1008 contendebant
885 943 1017 1020 acriter,

284 1048 373 1125 Quae
395 1049 494 1129 pluris
516 1059 611 1110 esset.
654 1048 767 1110 Musca
790 1048 837 1110 sic
857 1046 964 1128 coepit
984 1043 1097 1127 priora

283 1148 443 1214 Conferre
466 1150 582 1213 nostris
604 1160 638 1211 tu
658 1161 752 1231 potes
774 1162 804 1213 te
825 1148 994 1215 laudibus?
1091 1211 1093 1215 ,

282 1253 347 1316 Uni
367 1251 564 1325 immolatur,
587 1263 660 1315 exte
682 1262 855 1336 praegusto
879 1254 988 1326 deun3
1035 1264 1038 1269 ⁴

281 1355 402 1418 Moror
423 1354 507 1418 inter
528 1376 616 1430 aras,
640 1356 755 1437 templa
776 1354 938 1435 perlustro
961 1352 1076 1421 omnia·

280 1457 319 1520 In
342 1456 444 1538 capite
465 1456 552 1539 regis
574 1460 685 1532 sedeo,
710 1476 806 1542 quum
829 1457 929 1519 visum
950 1468 997 1520 est
1019 1455 1114 1531 mitu',
1161 1488 1164 1495 ·

228 1620 230 1627 .
283 1560 326 1621 Et
348 1568 561 1623 matronarum
584 1572 670 1623 casta.
689 1558 794 1625 delibo
817 1559 936 1624 oscula.

281 1662 414 1726 Laboro
436 1661 531 1738 nihil,
554 1674 647 1745 atque
669 1662 795 1744 optimis
817 1664 912 1727 rebus
933 1659 1037 1727 fruor.

282 1763 366 1844 Quid
387 1767 500 1828 horum
523 1765 623 1827 simile
645 1764 701 1826 tibi
724 1764 895 1848 contingit,
918 1761 1059 1827 rustica?
1231 1767 1271 1824 10

281 1862 340 1929 Est
364 1867 524 1950 gloriosus
547 1889 621 1929 sane
645 1867 809 1930 convictus
831 1870 939 1943 dessm,

282 1969 343 2031 Sed
364 1969 428 2045 itti,
452 1969 505 2051 qui
526 1968 694 2044 invitatur,
719 1988 783 2033 non
804 1969 858 2053 qui
879 1961 997 2031 invisus
1019 1976 1080 2032 est.

280 2072 387 2156 Reges
408 2092 636 2135 commemoras
658 2084 689 2134 et
710 2082 923 2137 matronarum
946 2070 1066 2135 oscula.

279 2176 354 2258 Ego
377 2195 507 2257 granum
529 2174 560 2236 in
583 2172 715 2237 hiemem
738 2197 833 2257 quum
855 2173 994 2237 studiose
1016 2194 1183 2260 congero,

191 2275 193 2280 ’
238 2318 242 2327 κ
280 2277 328 2338 Te
351 2277 434 2340 circa
457 2299 578 2341 murum
600 2277 686 2358 pasci
710 2276 811 2340 video*
823 2287 980 2340 stercorea
1229 2278 1284 2339 15.

278 2379 362 2445 Aras
383 2381 584 2462 frequentas:
608 2400 718 2460 nempe
740 2378 896 2464 abigeris,
920 2400 984 2462 quo
1007 2376 1106 2443 venis.

277 2481 364 2547 Nihil
387 2484 533 2547 laboras:
556 2482 628 2546 ideo
651 2504 745 2566 quum
768 2503 848 2565 opus
870 2494 934 2556 est,
957 2482 1001 2544 nil
1020 2483 1131 2549 hebes.

281 2584 384 2665 Super
408 2584 499 2647 etiarn
520 2583 636 2660 iactas,
662 2597 771 2668 tegere
793 2587 879 2669 quod
900 2586 992 2646 debet
1012 2587 1130 2666 pudor.

276 2685 408 2748 Aestate
432 2708 480 2747 me
502 2682 646 2760 lacessis3
670 2710 764 2770 quum
787 2688 898 2748 bruma
920 2699 983 2762 est,
1008 2687 1093 2749 siles.

277 2786 368 2849 Mori
391 2798 584 2889 contractam
607 2811 701 2872 quum
723 2801 755 2851 te
767 2785 896 2874 'cogeni
916 2789 1062 2874 frigora,
1228 2793 1269 2853 20

326 3046 501 3095 Pre.XX1V.
546 3041 586 3108 (1)
605 3046 757 3093 versiculum
778 3056 791 3092 e
814 3042 869 3092 Lib.
893 3045 923 3103 3,
950 3038 999 3103 17,
1025 3046 1066 3094 13.
1085 3042 1123 3094 nte
1140 3051 1268 3105 repentem

274 3122 339 3162 terte
369 3118 492 3162 eiecerunt
511 3116 599 3176 titgsu.
623 3117 669 3162 Ed.
698 3115 724 3162 2.
757 3118 829 3175 Seqq.
858 3142 890 3152 -
912 3116 967 3177 Nil]
991 3132 1014 3173 p.
1034 3143 1068 3153 —
1085 3117 1156 3164 Nihil
1178 3121 1207 3163 P.
1234 3121 1264 3165 R.

274 3184 311 3243 (1)
329 3184 459 3247 Conferre]
478 3187 508 3232 Ν.
532 3201 555 3242 p.
575 3190 600 3232 S.
622 3207 650 3222 -
669 3184 781 3245 conferri
800 3187 830 3231 P.
854 3200 879 3244 g.
899 3187 1158 3241 -‚,Fa1soteatator
1176 3188 1267 3234 Gudius

273 3250 380 3301 hicesse
397 3260 421 3302 in
441 3258 501 3301 Cod.
524 3270 584 3303 uum
604 3270 648 3313 pro
668 3256 729 3301 tu.'’>
741 3257 819 3301 Bono.
856 3256 920 3300 Nihil
941 3257 1057 3303 eiusmodi
1074 3259 1145 3303 effert
1158 3244 1265 3314 Gudius}

273 3327 315 3370 sed
335 3340 393 3370 nom
419 3333 471 3372 erat
491 3339 665 3385 supervacanea
686 3325 790 3369 Weichii
817 3327 931 3380 suspicio.
978 3320 1041 3387 (10)
1059 3351 1091 3362 --
1110 3328 1215 3387 contigit
1226 3327 1265 3389 N.

242 3434 245 3439 ,
272 3388 337 3456 (11)
356 3417 386 3427 -
409 3397 580 3456 glorior-iocur
604 3408 629 3455 g.
659 3416 692 3428 -—
716 3396 792 3451 plone
813 3395 845 3439 N.
886 3391 944 3456 (12)
964 3412 996 3429 ⁴-
1014 3396 1060 3440 tlte
1076 3397 1107 3441 Ρ.
1129 3410 1152 3441 a.
1172 3410 1209 3452 pr.
1228 3411 1262 3440 ru.

273 3459 335 3524 (13)
364 3486 394 3500 -
420 3461 637 3510 reimmittere-net
661 3471 735 3511 rnotr.
763 3478 788 3523 g.
842 3464 897 3522 (15)
913 3467 987 3522 posci
1007 3463 1086 3524 video]
1105 3467 1133 3510 N.
1150 3466 1266 3524 Heusing.

273 3534 300 3578 s.
320 3557 352 3568 -
370 3533 440 3579 vedeo
453 3536 529 3593 pant
547 3536 576 3579 e.
596 3535 624 3579 u.
642 3547 666 3588 p.
702 3528 762 3594 (1⁶)
780 3554 814 3567 -
830 3534 925 3579 assero
946 3535 977 3579 u.
1013 3524 1133 3592 (1021in
1151 3549 1174 3590 ρ.
1195 3536 1220 3578 s.
1232 3553 1266 3570 -.

272 3598 337 3647 nihil
355 3604 384 3648 P.
411 3628 443 3638 --
471 3604 572 3663 ideoque
596 3602 660 3653 nihil
680 3601 757 3647 liabeo
782 3602 811 3647 N.
849 3598 908 3665 (18)
927 3604 1006 3661 Sopor
1028 3605 1102 3647 eitam
1125 3601 1217 3662 a'octoa]
1234 3605 1266 3649 P.

271 3672 302 3716 R.
323 3671 353 3715 Ν.
373 3674 399 3716 S.
419 3693 454 3706 -
471 3673 579 3730 superba
599 3674 680 3716 tactae
698 3687 723 3727 p.
759 3670 844 3727 (ibid.)
862 3671 941 3731 debet]
960 3672 991 3717 Ν.
1011 3687 1035 3727 p.
1053 3675 1079 3721 S.
1099 3695 1133 3709 -
1149 3672 1266 3718 debesP.

271 3741 302 3785 fl.
339 3741 422 3798 (ibit.)
441 3742 547 3796 Ordine,
573 3756 643 3798 quern
670 3743 830 3796 servavimus,
854 3742 898 3786 hos
922 3743 1054 3786 versiculos
1074 3740 1181 3789 12-18.
1202 3743 1268 3786 exhi·

271 3810 374 3859 renue.
400 3811 430 3856 B.
457 3811 487 3856 N.
514 3825 538 3866 p.
575 3812 621 3855 Sed
644 3811 762 3870 Bongnra.
788 3811 877 3868 Rigalt.
896 3812 919 3855 in
940 3810 985 3855 Et.
1007 3809 1030 3855 1.
1051 3812 1077 3855 S.
1097 3812 1203 3866 Zethus,
1234 3813 1270 3856 ita

271 3894 314 3927 eos
330 3886 502 3936 transponunt:
536 3878 576 3926 16.
595 3879 663 3925 Aras
681 3906 691 3915 ·
710 3906 720 3915 -
747 3878 786 3925 12.
805 3879 885 3940 Regu
905 3906 914 3916 ·
933 3906 943 3916 ·
972 3878 1013 3926 18.
1033 3878 1112 3937 Super·
1135 3881 1210 3924 etium
1228 3906 1237 3915 -
1258 3901 1269 3918 ι

274 3950 315 3997 17.
340 3948 412 3996 Nttu
434 3950 538 3995 lubornr
560 3969 570 3986 ι
596 3967 605 3985 a
643 3946 683 3995 11.
707 3947 764 4009 Ego
787 3963 898 4011 guonem
916 3975 925 3985 -
946 3975 955 3984 -
1006 3944 1046 3996 15.
1073 3948 1108 3994 Te
1132 3952 1203 3993 circo
1227 3976 1236 3985 -
1256 3962 1288 3986 a*
