2870 4626
174 471 262 537 Olim
285 492 378 554 quum
401 468 575 552 adscriptus
598 471 719 534 venerit
739 491 862 552 poenae
883 471 961 537 dies.

174 576 240 636 Sed
261 595 300 636 ne
322 572 405 657 iguis
425 585 535 637 noster
555 572 691 637 facinori
712 558 915 654 praeluceat,

173 679 243 742 Per
265 697 357 760 quem
378 678 535 740 verendos
557 676 674 739 excolit
693 674 793 757 pietas
815 678 909 753 deos,

172 762 264 842 Veto
286 798 353 841 esse
374 778 436 840 tale
458 776 580 840 luminis
602 776 837 842 commercium.

172 882 226 944 Ita
246 880 340 945 hodie
363 899 422 942 uec
442 868 600 943 lucernam
622 882 660 942 de
680 880 804 942 flamma
826 881 919 943 detlm

150 979 246 1047 'Nec
268 985 306 1045 de
328 983 455 1045 lucerna
476 982 524 1045 fas
546 993 594 1045 est
615 982 745 1045 accendi
766 1002 903 1045 sacrum.

218 1086 308 1165 Quot
327 1106 380 1147 res
402 1083 560 1148 contineat
580 1086 644 1149 hoc
664 1095 882 1168 argumentum
904 1085 1019 1162 utiles,

173 1189 252 1252 Nou
275 1185 447 1268 explicabit
468 1186 563 1264 alius,
587 1208 678 1271 quam
698 1184 755 1274 'qui
774 1186 930 1268 repperit.
1041 1200 1065 1278 J
1129 1189 1169 1252 15

174 1287 341 1373 Significat
361 1288 465 1370 primo
487 1310 601 1372 saepe,
626 1310 706 1374 quos
727 1287 795 1369 ipse
817 1289 950 1368 alueris,

176 1389 255 1455 Tibi
274 1389 409 1454 inveniri
430 1390 561 1455 maxime
584 1391 779 1466 contrarios3

175 1496 324 1558 Secundo
346 1491 481 1561 ostendit
501 1495 621 1558 scelera
642 1516 706 1558 uon
728 1493 775 1557 ira
796 1497 906 1572 detlm,

175 1597 329 1660 Fatorum
352 1594 438 1660 dicto
458 1598 515 1660 sed
534 1595 640 1679 puniri
661 1608 824 1678 tempore:

175 1698 358 1763 Novissime
379 1698 553 1776 interdicit,
576 1720 616 1762 ne
638 1721 707 1763 cum
729 1698 873 1763 malefico

175 1801 278 1866 Usum
299 1800 402 1865 bonus
424 1801 587 1869 consociet
607 1801 699 1865 ullius
720 1803 782 1865 rei.

575 2019 672 2082 [ran.
693 2020 772 2082 xm]

406 2169 565 2235 manns
588 2170 696 2233 essu
719 2144 944 2245 urvl'rlns.
994 2250 998 2259 .

222 2310 310 2392 Opes
331 2309 449 2373 invisae
471 2309 582 2373 merito
604 2321 675 2372 sunt
694 2308 774 2372 sorti
796 2304 885 2383 viro,

180 2413 263 2492 eria
285 2412 372 2475 dives
394 2433 465 2474 arca
488 2432 593 2476 veram
616 2413 737 2475 laudem
757 2409 929 2493 intercipit.
988 2426 992 2435 “

223 2513 322 2578 Caelo
343 2526 490 2596 receptus
511 2526 644 2597 propter
666 2515 812 2577 virtutem
834 2513 991 2601 Hercules

179 2617 285 2695 Quum
308 2617 501 2700 gratulantes
522 2617 747 2699 persalutasset
769 2619 864 2693 deos,

109 2766 113 2773 .
178 2717 337 2781 Veniente
359 2719 476 2795 Pluto,
501 2718 556 2803 qrri
576 2719 739 2783 Fortunae
761 2730 810 2782 est
830 2719 933 2794 filius,

177 2820 306 2885 Avertit
328 2821 451 2913 oculos.
495 2821 630 2885 Causam
653 2821 807 2906 qnaesivit
827 2833 932 2903 pater.

181 2921 265 2998 Odi,
287 2922 408 3007 inquit,
431 2922 537 2999 illum,
561 2924 643 3006 quia.
656 2925 744 2987 malis
767 2923 883 2987 amicus
904 2935 951 2986 est

134 3044 138 3055 ¹
181 3023 343 3108 Simulque
365 3025 492 3099 obiecto
514 3038 623 3089 cuncta
645 3026 820 3109 corrumpit
839 3028 946 3094 lucro.

180 3283 308 3329 Pithnenm
334 3289 358 3330 et
374 3285 551 3343 norges-sium,
579 3286 618 3342 qui
643 3299 688 3329 nou
713 3285 852 3345 simpliciter
873 3285 999 3340 exscripsit
1021 3286 1174 3340 appendicem

179 3353 271 3408 Pith.,
301 3359 398 3400 neusse
422 3355 446 3400 ln.
462 3356 481 3401 l.
499 3354 623 3401 colendos.
668 3354 759 3398 Contra
778 3355 835 3399 nihil
854 3355 970 3400 eiusmodi
992 3368 1005 3399 e
1025 3355 1094 3400 Rem.
1117 3355 1175 3400 arte-

179 3419 238 3467 run't
260 3423 322 3468 cun.
351 3428 374 3468 et
399 3424 470 3469 Viae.
507 3422 559 3480 (12)
576 3424 615 3470 Ito
638 3422 719 3482 lodie]
738 3425 855 3482 Bougars.
874 3424 962 3482 Rigalt.
981 3424 1027 3468 Ed.
1051 3421 1075 3467 2.
1095 3425 1121 3471 S.
1140 3448 1174 3460 -

178 3492 266 3551 ltaque
284 3490 355 3538 laodic
371 3494 400 3539 Ρ.
420 3494 451 3539 ll.
474 3506 498 3549 p.
547 3493 632 3549 (ibid.)
649 3491 788 3547 lucernam]
805 3507 829 3548 p.
857 3494 887 3538 Sa
904 3518 936 3527 -
954 3495 1058 3539 lucerne
1081 3492 1112 3539 P.
1142 3493 1173 3538 R.

179 3558 363 3621 (1llpuot1p.
384 3564 410 3610 S.
428 3585 458 3596 ·-
478 3562 542 3623 quod
558 3564 588 3608 P.
606 3563 636 3606 R.
672 3561 725 3619 (18)
742 3560 865 3622 Secundo]
880 3563 970 3625 Rigalt.
988 3566 1013 3608 S.
1035 3588 1067 3598 -
1085 3577 1173 3610 aeeon·

176 3630 240 3675 dum
257 3631 288 3679 Ρ.
307 3633 337 3677 lt.
360 3645 384 3688 p.
422 3633 535 3679 Ceterum
558 3634 666 3678 ordinem
683 3645 795 3678 versuum
812 3635 935 3678 constituit
948 3634 1077 3678 Pithoeus:
1098 3633 1125 3676 ln
1141 3632 1171 3685 B.

178 3701 211 3752 ll.
231 3707 267 3745 est
286 3701 410 3751 inversus:
440 3701 480 3749 19.
499 3701 616 3748 Fatorum
690 3699 731 3747 18.
749 3702 890 3748 Secundum
908 3728 918 3741 ·
937 3729 966 3748 -.
997 3700 1044 3760 (21
1064 3720 1098 3736 -
1114 3714 1173 3746 cou-

177 3770 255 3821 aota'et
269 3771 300 3819 P.
319 3785 343 3830 ς,
517 3813 522 3819 ,
825 3828 826 3833 ¹
1252 3814 1256 3818 ,

230 3840 290 3885 Fan.
322 3841 381 3886 ΧΠ.
417 3839 455 3897 (3)
481 3867 514 3879 -ν
538 3839 655 3887 Herculia
673 3841 701 3884 ll.
750 3838 788 3898 (5)
807 3840 922 3886 Veniente
942 3840 1022 3901 Pluto]
1040 3855 1064 3896 p.
1084 3840 1111 3883 S.
1139 3861 1172 3875 -ι

176 3911 293 3977 νιιιίσηϋι
311 3908 383 3957 Pluto
408 3911 438 3961 ll.
468 3910 504 3967 (ut
528 3912 620 3963 videtur
647 3926 660 3956 e
687 3911 749 3958 cuc.
771 3917 795 3959 et
812 3913 896 3970 Vino.)
915 3911 999 3958 Nevel.
1019 3932 1047 3945 -
1067 3906 1174 3956 remoti

178 3977 282 4027 fluens
299 3980 329 4028 P.
