2834 4630
248 297 310 363 mn
377 373 381 384 ¹

247 444 367 490 sententie
392 443 532 502 requiritur.
576 443 709 491 Praeterea
731 457 768 494 vr.
786 443 853 505 quod
871 444 948 504 (qnia)
969 441 1063 504 Cupido
1086 442 1191 503 pulcher
1217 452 1262 490 est

246 515 369 560 artissime
381 515 502 572 iungenda
521 519 643 563 curteum
660 516 786 570 praecedd.
823 516 874 561 Sed
887 523 970 561 tomen
992 522 1090 571 ennete,
1109 513 1261 575 nyrnpteoe5

246 586 271 629 id
290 586 353 642 quod
372 598 460 629 moden
478 590 577 640 propter
604 582 766 630 Wernsdortii
789 587 1021 642 interpretationem.
1059 582 1116 642 (38)
1136 583 1189 629 Una
1213 599 1262 629 res

245 653 315 710 Lips.
352 651 411 713 (39)
428 655 511 713 Rigier
534 655 681 714 distinguere
697 657 801 700 mavult:
821 653 901 711 Cede,
920 657 993 716 ningo
1007 653 1098 709 Delio,
1124 653 1263 699 Utnemne

246 725 282 769 eit
308 724 481 780 incruentum,
507 722 538 768 de
551 721 651 782 sei-inis
672 725 830 785 etrogidusv
855 726 916 771 mnu
935 724 993 769 cede
1012 726 1106 769 videtne
1119 724 1264 783 significare

245 800 362 838 nontam
382 807 476 847 ceren,
495 792 604 849 desiste,
633 796 781 852 qnamidem
802 797 864 852 quod
886 809 908 840 r.
929 792 970 839 48.
991 794 1088 842 reoede.
1125 796 1264 850 Praeposi·

245 864 280 908 tio
298 863 329 908 de
345 865 383 909 hie
399 877 484 908 rursus
506 877 536 908 ex
552 866 688 909 recentiore
708 865 814 909 ltntismo
830 878 875 920 pro
893 867 969 909 attera
987 876 1003 908 d
1020 866 1099 920 posita
1116 869 1163 909 est.
1200 862 1262 921 (4⁰)

244 935 318 979 reddet
345 939 367 978 te
391 947 486 994 rogare
508 934 610 982 Satines.
630 935 701 979 rellet
727 939 750 979 te
778 947 888 995 erogare
905 936 1019 988 Schntze,
1051 936 1139 979 cottato
1162 934 1260 989 Appui.

245 1005 348 1051 Metam.
369 1001 394 1049 5.
415 1018 439 1060 p.
461 999 520 1048 345.
541 1002 621 1060 dud„
653 1000 693 1047 ubi
713 1010 832 1064 erogetur
860 1009 898 1050 est
922 1018 967 1060 pro
988 1003 1103 1062 rogando
1121 1010 1261 1048 exoratus.

246 1074 294 1119 eet
317 1078 436 1118 monstrat
463 1075 517 1128 ipsa
543 1074 588 1118 Cd.
621 1075 696 1119 Seim.
726 1076 846 1129 scriptura
873 1074 932 1118 hane
954 1074 1072 1118 emendat.
1096 1087 1181 1129 parum
1199 1087 1261 1118 esse

246 1144 408 1200 prohabilem.
445 1140 503 1201 (42)
515 1139 629 1202 feriator
645 1142 761 1189 Pithoeus
775 1145 879 1199 etLips.
902 1158 947 1199 pro
968 1145 1091 1200 utriusque
1110 1144 1154 1189 Cd.
1169 1140 1263 1202 seriti-

245 1214 289 1259 te'e.
312 1235 341 1247 -
355 1210 485 1271 feriantes
501 1215 572 1272 vulgo
585 1216 613 1260 de
634 1213 748 1260 Scriveeii
763 1215 847 1270 coni.;
868 1215 908 1257 sed
918 1210 1031 1272 serintoe
1050 1226 1096 1257 non
1119 1218 1156 1258 est
1172 1226 1261 1257 verum

247 1284 416 1340 praeteritum.
453 1280 512 1340 (tt)
531 1284 600 1340 Quod
616 1285 677 1328 atter
694 1285 827 1329 amicornm
845 1285 903 1342 legit
916 1289 1046 1342 myrteas,
1066 1285 1128 1328 atter
1139 1289 1261 1342 myrteos

201 1382 211 1395 .
245 1355 269 1399 ie
292 1354 337 1398 Cd.
357 1353 423 1397 Pith.
446 1353 500 1397 hino
528 1354 706 1409 expiicandum,
738 1356 801 1411 quod
824 1355 848 1398 in
875 1354 934 1396 Cdd.
962 1354 1088 1410 antiquiss.
1117 1350 1156 1411 (ut
1181 1358 1259 1408 puta,

245 1423 384 1471 Germanici
401 1421 546 1475 Basiieenei)
564 1423 647 1467 literae
663 1428 688 1465 rt
703 1428 726 1467 et
745 1428 770 1468 et
786 1424 847 1468 mire
860 1424 946 1482 ligatae
962 1424 1078 1481 distingui
1089 1424 1128 1466 vix
1144 1428 1259 1478 possunt.

245 1490 300 1549 (tt)
318 1491 409 1536 Detine
434 1490 467 1550 te]
485 1492 510 1536 id
527 1497 578 1546 est,
610 1501 743 1547 ,‚morere,
773 1493 813 1536 nht
832 1506 875 1550 es;
904 1493 954 1536 noti
973 1490 1114 1537 accedere.”
1149 1493 1189 1537 Sic
1210 1488 1260 1536 und

245 1563 316 1608 litera
335 1562 431 1606 inducta
454 1562 550 1616 scripsi.
569 1572 608 1608 om
624 1561 664 1607 De
685 1568 781 1607 tenente
799 1567 850 1606 toto
871 1567 917 1607 eet.
937 1563 1040 1606 Salmas.
1064 1563 1086 1606 id
1106 1566 1155 1617 est,
1186 1574 1261 1622 „uno

244 1637 345 1686 tenore,
365 1630 540 1677 continenter.”
587 1634 634 1676 Sed
660 1634 768 1690 quamtis
787 1632 919 1677 Saimnsiins
942 1632 1017 1687 proha
1040 1633 1150 1676 calluerit
1168 1631 1260 1676 horum

245 1703 383 1747 seculorum
402 1714 557 1756 sermonem,
577 1703 655 1756 adeo,
676 1709 702 1747 ut
719 1704 743 1747 in
760 1703 849 1747 tatibus
866 1705 918 1756 eius
936 1701 1053 1754 iudicium
1064 1702 1145 1760 magni
1169 1703 1203 1746 sit
1219 1702 1258 1745 n.

245 1772 369 1826 ciendum,
395 1776 535 1826 comparato
553 1773 698 1827 praesertim
719 1775 781 1830 quod
798 1773 868 1826 fecit,
897 1772 991 1817 Gallico
1018 1769 1078 1818 d'nn
1105 1776 1206 1829 tenant,
1233 1775 1258 1816 et

245 1856 275 1886 ex
294 1847 362 1897 parte
381 1841 517 1896 comparari
536 1842 613 1897 possit
634 1842 719 1886 Instini
739 1840 773 1898 1,
794 1840 826 1895 9,
848 1839 890 1887 19.
909 1853 944 1886 ex
959 1841 1095 1901 continenti
1116 1855 1160 1897 pro
1177 1855 1257 1896 „oon-

245 1911 352 1966 tinuo'’,
378 1912 533 1955 nihilomiuus
558 1912 617 1956 talia
640 1913 692 1956 sine
717 1913 790 1956 certis
815 1912 932 1966 exemptis
950 1908 1041 1969 fingere
1058 1922 1106 1954 non
1128 1911 1254 1955 dehemus.

244 1982 342 2026 Rursus
362 1980 407 2026 et.
433 1981 498 2025 Pith.
524 1982 644 2034 scripture
660 1978 782 2026 Detinent
804 1986 828 2026 et
849 1982 949 2037 probate
967 1983 1028 2025 Viro
1052 1982 1123 2025 docto
1141 1982 1165 2024 in
1182 1982 1255 2025 Anni.

245 2046 330 2096 waldi
352 2049 460 2106 t„Jeder
487 2050 578 2095 weilt’'
597 2074 629 2085 -
648 2051 792 2096 Germanice
811 2052 832 2095 is
854 2048 1002 2107 convertit:)
1027 2064 1071 2095 nec
1091 2064 1104 2093 a
1124 2049 1257 2101 Latinitate

245 2135 321 2178 neque
338 2135 353 2164 a
375 2123 548 2166 sententiarum
567 2134 628 2165 nexu
648 2121 741 2166 defendi
760 2126 847 2177 potest.
885 2121 1101 2166 Demonstrandnm
1122 2120 1186 2164 euim
1205 2124 1259 2166 erat

246 2193 356 2246 exemplo
377 2205 401 2235 v.
424 2190 536 2235 detinent
552 2189 688 2250 significare
713 2203 804 2247 posse:
836 2195 979 2245 „morentur
994 2191 1018 2234 hi
1036 2191 1092 2244 Dii,
1117 2192 1157 2247 qni
1175 2191 1256 2246 perui·

245 2263 331 2320 gitium
348 2261 473 2306 celebrant
497 2274 550 2305 cum
568 2262 692 2306 Venere.''
711 2262 737 2306 in
760 2261 826 2305 Antii
842 2262 1035 2314 annotationem,
1056 2273 1126 2318 quani
1149 2273 1197 2305 non
1218 2262 1255 2304 in·

245 2331 329 2390 tettigo
341 2362 348 2386 ‚
372 2344 442 2375 error
454 2331 540 2388 aliquis
550 2331 735 2390 typographicae
747 2332 841 2376 videtur
853 2330 999 2386 irrepsisse.
1027 2329 1072 2374 Est
1080 2335 1161 2373 antem
1177 2331 1235 2375 haee
1247 2342 1253 2374 ε

245 2400 349 2447 Detinet
365 2406 389 2445 et
407 2407 458 2445 toto
475 2413 529 2445 nox
550 2405 588 2445 eet
601 2399 773 2461 peroiglondo
790 2398 909 2459 conticis]
928 2401 968 2446 Sic
986 2402 1148 2454 reponendum
1167 2412 1255 2444 censeo

193 2464 198 2475 '
245 2485 307 2516 cum
318 2473 450 2526 interprete
469 2470 552 2516 Germ.
575 2471 599 2514 in
626 2469 710 2515 wotttt
731 2471 861 2516 analectis:
894 2472 933 2528 qni
957 2474 1036 2514 tamen
1058 2482 1104 2512 nec
1120 2468 1254 2527 poitur-um

246 2540 308 2586 deus
330 2540 425 2585 detinet
444 2534 532 2601 (immo
550 2541 584 2584 ibi
607 2545 661 2586 est:
681 2540 802 2595 detinent)
820 2546 844 2584 et
861 2545 912 2584 toto
930 2552 992 2585 nox.
1014 2538 1130 2584 Heinsius
1141 2541 1169 2582 ad
1183 2539 1255 2583 Ouid.

246 2625 278 2656 ex
293 2599 368 2655 Perit.
388 2611 432 2654 lV.
455 2607 502 2665 10,
524 2607 565 2657 67.
602 2606 747 2655 Detinende
761 2616 812 2655 tota
823 2623 876 2654 nox
886 2615 910 2654 et
921 2607 1102 2670 pervigilando
1120 2609 1255 2654 conticie.”

246 2681 295 2738 (-
312 2679 436 2724 Detinene
456 2685 479 2724 te
504 2685 556 2724 toto
583 2677 681 2734 Moeh.)
703 2701 740 2714 —
765 2678 801 2723 Te
819 2680 916 2725 sinente
933 2685 986 2724 tntu
1004 2681 1123 2723 Senator.
1143 2678 1253 2723 Lindem.

246 2751 313 2812 itigt.
350 2751 396 2794 Sed
415 2750 451 2793 sic
466 2763 524 2805 prae
543 2751 639 2794 Venere
657 2750 731 2793 nimia
747 2749 799 2795 tere
814 2750 921 2805 potentia
934 2750 1048 2794 tribuitur
1059 2750 1165 2804 Dianae,
1186 2762 1255 2804 praee

246 2827 356 2878 terquam
378 2820 441 2877 quod
462 2821 513 2874 ipsa
531 2819 669 2863 coniectura
687 2820 759 2864 nirnis
777 2821 868 2864 recedit
887 2834 901 2864 a
925 2821 1045 2875 scriptura
1063 2820 1186 2875 utriusque
1207 2818 1254 2863 Co·

249 2891 325 2945 diois,
345 2903 389 2934 neo
409 2890 429 2934 si
448 2903 461 2934 a
482 2891 553 2944 poeta
574 2888 682 2945 profecta
710 2893 790 2944 esset,
821 2889 891 2934 tacite
910 2890 934 2934 in
955 2894 1062 2934 monstra
1083 2889 1124 2934 itia
1145 2890 1256 2934 lectionis

246 2962 428 3020 degenerasset.
478 2952 567 3021 (thid.)
581 2958 763 3020 pendigianda]
781 2960 883 3004 Salmas.
905 2961 1057 3015 escriptnra
1076 2959 1122 3003 Cd.
1144 2960 1181 3003 sni
1199 2973 1257 3018 per·

245 3028 375 3076 violanda.
413 3030 500 3085 „Male
523 3031 663 3075 Sanadouus
684 3030 769 3082 (immo
791 3030 838 3075 iam
855 3029 923 3074 Pith.
954 3043 967 3074 e
997 3033 1115 3085 scriptura
1140 3029 1176 3073 sui
1207 3028 1252 3072 Cd.

218 3144 220 3149 .
242 3116 291 3160 per
308 3101 392 3161 ntgttn
415 3105 575 3156 proposuerat
591 3098 790 3160 peruigilando:
823 3101 909 3144 saitem
930 3100 954 3144 in
981 3098 1154 3158 marg.,Lips.
1177 3095 1252 3142 1611.

246 3171 273 3216 ln
297 3171 373 3227 ipsius
391 3170 528 3215 'Adnotath
561 3176 598 3215 est
625 3168 804 3230 peroigiloto.)
831 3169 930 3214 verbum
960 3173 1108 3214 contractum
1140 3169 1252 3224 resolvit;

246 3242 353 3294 dactylus
373 3242 479 3287 enimin
503 3240 605 3296 primurn
624 3240 733 3296 dipodiee
757 3242 838 3284 sedern
858 3252 906 3284 non
927 3237 1083 3284 admittitur.”
1111 3238 1251 3283 Schutze.

246 3312 396 3366 Scriptorum
416 3312 448 3355 nit
470 3323 570 3367 mornr;
595 3312 637 3355 sed
655 3311 834 3365 pronuntiatio,
866 3322 925 3366 quae
949 3303 987 3353 hio
1006 3308 1152 3366 requiritur,
1173 3321 1253 3365 ¹prue-
1280 3318 1281 3325 ¹

246 3382 307 3426 ludit
326 3382 442 3425 ltatornm
459 3380 582 3440 negliore.
629 3377 687 3438 (50)
704 3378 786 3434 dicet;
804 3377 961 3438 assidebunt]
979 3379 1072 3422 Donza.
1110 3379 1150 3422 Sic
1167 3391 1190 3423 v.
1211 3374 1251 3422 53.

245 3450 323 3496 Ruris
345 3448 386 3494 Ιιίο
405 3456 476 3496 erunt
489 3451 601 3507 puellae.
639 3451 725 3493 Artius
743 3455 822 3494 tamen
841 3449 947 3505 praefert
963 3450 1113 3508 praesentia,
1132 3451 1160 3493 de
1173 3460 1254 3491 nurne-

246 3522 281 3566 ris
300 3522 349 3565 atio
366 3522 420 3564 loco
443 3525 548 3566 acturus.
598 3517 651 3577 (51)
681 3517 803 3579 quidquid
826 3525 890 3564 recte
911 3519 1019 3563 restituit
1041 3518 1141 3563 Schutze
1160 3531 1173 3561 e
1194 3517 1253 3561 Cdd.

247 3605 291 3648 pro
318 3591 433 3634 Seriverii
460 3595 585 3650 quotquot.
624 3586 685 3634 item
705 3590 789 3634 Attius
814 3589 901 3645 prohat
924 3587 1044 3648 quidquid
1068 3594 1092 3634 et
1119 3589 1163 3632 cir.
1202 3586 1254 3630 tutti

247 3662 348 3706 Firmici
367 3662 446 3704 locum
471 3662 500 3703 ad
528 3673 551 3704 v.
582 3657 624 3705 52.
645 3660 763 3706 attatum:
794 3656 915 3718 quidquid
931 3656 1065 3718 hyacintini
1082 3662 1126 3702 oet.
1165 3655 1254 3702 Simitis

219 3746 221 3751 ⁴
248 3730 375 3776 difficultas
394 3734 432 3774 est
451 3730 476 3774 in
498 3729 586 3774 Catulli
607 3727 654 3785 64,
684 3727 743 3775 280.
782 3728 869 3785 (thid.)
897 3725 990 3786 annus]
1009 3729 1058 3773 iam
1074 3727 1192 3772 Pithoeus
1212 3738 1255 3782 pro

247 3800 323 3846 nnnie
337 3805 361 3846 et
378 3811 459 3847 nnnoe
475 3799 536 3845 Cdd.
574 3797 630 3857 (52)
648 3813 737 3858 rumpe
753 3804 847 3845 sertem
858 3800 996 3844 coniectura
1008 3800 1083 3843 mixta
1101 3797 1256 3842 ePithoeane

190 3896 201 3902 -
248 3885 335 3931 rumpe
355 3876 446 3915 reetee·
457 3874 481 3915 et
497 3870 611 3926 Lipsinun
627 3883 714 3933 prome
730 3876 822 3914 rectem
841 3870 944 3925 primum
963 3873 1110 3913 memoratur
1128 3866 1253 3917 Salmasio,

250 3946 347 4000 recepta
363 3944 400 3987 est
420 3955 434 3985 a
455 3941 541 3988 Sanad.
563 3940 680 3998 schulze,
699 3939 813 3998 moerim
833 3953 917 3987 rursus
934 3938 1036 3996 probata
1057 3938 1088 3982 eh
1111 3937 1197 3990 Antio,
1216 3934 1254 3992 qni
