2834 4630
658 472 754 534 [riu.
776 466 835 537 tn]

318 607 561 673 uouemus
584 598 866 673 uaenus'nr
890 560 996 672 nius
1018 574 1179 671 mines.
1229 676 1232 685 ,

469 749 559 818 Qrutm
577 745 701 821 d⁴ffl⁶¹7⁶
720 753 759 799 sit
778 746 915 833 domiuem
933 762 1024 799 nurse.

297 889 415 974 Magni
437 887 585 970 Pompeii
608 886 697 950 miles
719 886 801 951 vasti
824 884 992 969 corporis,

257 994 377 1057 Fracte
399 980 562 1076 loquendo
585 1001 617 1053 et
640 990 831 1054 ambulando
854 987 997 1053 molliter

255 1097 386 1160 Famam
408 1092 532 1156 cinaedi
553 1104 697 1157 traxerat
719 1091 943 1156 certissimam.

250 1197 323 1262 ‘Hic
342 1195 508 1260 insidiatus
529 1207 624 1260 nocte
641 1195 788 1260 iumentis
809 1194 916 1270 ducis,

256 1300 340 1366 Cum
361 1310 449 1363 veste
471 1310 502 1362 et
523 1319 602 1362 auro
628 1309 661 1362 et
683 1319 800 1384 magno
822 1296 948 1384 argenti
970 1299 1113 1381 pondere
1220 1297 1239 1358 5

256 1401 390 1469 Avertit
410 1402 526 1466 mulos.
570 1403 703 1465 Factum
725 1422 838 1467 rumor
860 1401 1010 1484 dissipat3

256 1505 418 1591 Arguitur
441 1503 546 1581 miles,
569 1503 696 1587 rapitur
721 1504 753 1568 iu
775 1504 988 1588 praetorium.

258 1613 342 1673 Tum
366 1610 527 1693 Magnus:
552 1607 663 1689 Quid?
686 1607 744 1685 ait,
767 1619 842 1671 tune
864 1629 930 1684 me,
954 1604 1148 1683 commilitO,

251 1709 410 1795 'Spoliare
431 1733 464 1775 cs
486 1710 601 1774 ausus?
643 1711 704 1776 Ille
728 1711 882 1775 continuo
906 1720 1056 1774 exscreat

258 1815 329 1895 Sibi
348 1815 387 1878 in
403 1813 561 1878 sinistram
582 1825 615 1877 et
633 1825 760 1896 sputum
783 1811 892 1898 digitis
916 1814 1061 1897 dissipat.
1143 1828 1147 1837 ·
1205 1817 1246 1875 10

175 1964 176 1973 η
259 1919 336 1995 Sic,
358 1917 552 2000 imperator,
576 1910 663 1983 oculi
686 1916 902 1980 exstillescant
926 1917 1008 1993 mei,
1052 1936 1054 1939 ·

259 2021 295 2085 Si
316 2020 384 2084 vidi
406 2032 459 2083 aut
480 2019 587 2105 tetigi.
633 2023 717 2096 Tum
740 2019 792 2083 vir
814 2019 910 2083 animi
932 2019 1086 2103 simplicis

258 2126 297 2189 ld
318 2127 454 2187 dedecus
477 2134 656 2187 castrorum
677 2121 820 2206 propelli
841 2120 966 2199 iubet,'

258 2229 332 2292 Nee
355 2230 469 2290 cadere
490 2225 523 2288 in
544 2225 632 2288 illum
655 2224 759 2289 credit
780 2237 898 2289 tantam
919 2227 1094 2290 audaciam.

244 2324 367 2394 'Breve
387 2340 511 2411 tempus
534 2326 730 2404 intercessit,
753 2339 784 2392 et
805 2330 906 2392 fideus
929 2352 1022 2393 manu
1129 2394 1131 2399 ,
1206 2330 1246 2392 15

260 2435 365 2498 Unum
383 2453 400 2495 e
420 2431 575 2497 Romanis
595 2433 799 2514 provocabat
818 2435 993 2508 barbarus3

197 2542 198 2545 ’
260 2534 331 2600 Sibi
351 2534 484 2620 quisque
507 2533 618 2597 mettrit
635 2545 669 2597 et
689 2534 786 2617 primi
808 2547 948 2599 mussant
965 2539 1075 2603 duces.

261 2641 405 2702 Tandem
428 2637 577 2700 cinaedus
599 2636 730 2714 habitu,
752 2641 808 2701 sed
830 2641 924 2702 Mars
942 2638 1082 2716 viribus,
1162 2668 1165 2677 ¹

260 2740 341 2805 Adit
362 2742 519 2804 sedentem
543 2753 605 2822 p'ro
630 2739 785 2804 tribunali
807 2744 938 2819 ducem,

261 2845 306 2907 Et
326 2856 409 2907 voce
426 2840 681 2921 mullizduiect?
724 2843 901 2910 Enimvero
926 2842 1000 2910 eiici
1204 2844 1248 2908 20

248 2945 378 3010 ¹Virum
401 2944 485 3007 utin
507 2967 542 3009 re
565 2945 670 3010 atroci
691 2938 836 3031 Magnus
855 2951 1057 3013 stomachans
1076 2946 1224 3030 imperat.

262 3051 346 3111 Tum
367 3047 493 3133 quidam
517 3047 625 3113 senior
639 3049 687 3112 'ex
709 3050 818 3139 apricis
842 3046 1028 3135 principius

262 3154 361 3218 Hune
380 3173 446 3239 ego
468 3152 626 3217 committi
645 3152 742 3216 satius
762 3155 927 3219 Fortunae
949 3154 1111 3232 arbitror,
1204 3152 1208 3157 ⁴

313 3364 373 3409 Fen.
393 3363 439 3407 tx.
477 3362 513 3420 (8)
532 3363 614 3425 Quid?
632 3365 682 3420 cit,
702 3364 770 3433 tigne]
788 3367 817 3411 B.
834 3368 865 3413 Ζ,
890 3391 923 3401 -
948 3366 1015 3428 Quid
1031 3367 1165 3413 diuitum
1186 3368 1243 3412 vu.

263 3434 340 3489 Neap.
393 3427 454 3494 (15)
471 3433 559 3496 fidens
577 3433 664 3493 runnu]
683 3437 704 3481 1.
722 3437 753 3481 C.
771 3437 802 3483 Z.
840 3462 872 3470 -
897 3436 1069 3499 rnunufidens
1087 3439 1147 3482 Vat.
1166 3437 1243 3492 Neap.

262 3501 319 3558 (16)
339 3501 418 3547 Unum
435 3517 449 3546 e
466 3502 549 3563 Rom]
568 3504 610 3548 Sic
624 3507 723 3561 scripsi.
748 3530 781 3541 -
807 3502 886 3552 [laum
904 3507 933 3550 de
950 3506 1020 3551 Rom.
1042 3508 1098 3551 Vnt.
1146 3504 1203 3564 (17)
1220 3514 1246 3552 et

172 3612 176 3619 .
259 3571 351 3631 primi]
371 3574 392 3617 l.
412 3596 444 3609 ·-
464 3589 514 3619 om.
533 3575 714 3632 etVat.Neup.
751 3579 797 3622 Vel
817 3579 864 3636 leg.
880 3578 961 3634 primi
982 3578 1126 3621 mussitent.
1164 3572 1245 3634 (teet

264 3641 310 3700 21)
329 3644 368 3686 Sic
380 3644 409 3686 Z.
430 3666 463 3681 ψ-
481 3642 615 3689 Enimuero
627 3646 686 3689 erici
697 3647 778 3690 rtrum
797 3645 828 3690 tn
845 3650 872 3692 in
884 3650 939 3694 Vat.
952 3644 1051 3704 (Neap.)
1087 3645 1143 3704 (28)
1155 3645 1246 3702 hostis]

195 3730 199 3741 r
263 3715 284 3758 l.
306 3714 336 3757 Z.
356 3736 388 3749 -
407 3711 473 3756 hosti
490 3715 546 3761 Vnt.
566 3714 642 3769 Neap.
684 3710 744 3777 (29)
763 3716 848 3776 rediit]
868 3719 887 3761 l.
908 3719 937 3762 Z.
958 3740 990 3751 ··-
1009 3716 1077 3761 redit
1091 3718 1148 3762 Vnt.
1169 3715 1244 3772 Neap-

263 3776 327 3844 (th.)
345 3807 378 3817 -
396 3788 448 3826 tum
467 3782 542 3839 Neup
586 3782 643 3842 (30)
662 3783 772 3840 Corona,
792 3785 875 3846 miles]
895 3789 915 3832 1.
933 3788 962 3832 C.
983 3788 1013 3835 Z.
1034 3811 1067 3822 -·
1084 3782 1181 3835 Corona
1198 3787 1246 3829 mi-

261 3854 317 3898 litis
336 3854 390 3896 Vat.
411 3853 486 3907 desp.
523 3851 581 3911 (31)
600 3853 679 3915 Quod]
701 3856 776 3912 Neup.
796 3856 856 3903 Edd.
878 3882 910 3892 -
928 3855 994 3919 Quia
1011 3859 1066 3904 Vat.
1092 3878 1125 3892 ι-
1143 3855 1246 3916 imperi]

263 3924 284 3968 1.
305 3923 335 3966 Ζ.
355 3946 388 3957 —
407 3922 512 3979 imperil·
528 3926 582 3968 Vat.
603 3924 680 3979 Neap.
1142 3946 1146 3949 ·

300 3993 359 4036 Fan.
368 3992 403 4036 X.
418 3990 680 4053 (Aloeumugttandt
692 3994 807 4055 causam]
820 3997 859 4041 sie
873 3997 967 4051 scripsi.
988 3993 1154 4040 Iucunditatis
1165 4008 1247 4039 ecura
