2834 4630
412 1038 415 1041 .
488 968 1022 1038 ANNOTATIONES.

308 1279 398 1322 Vere.
418 1273 459 1336 (2)
476 1291 519 1322 oer
530 1282 635 1322 renatue
645 1274 775 1334 ordinet]
793 1276 861 1332 uips.
897 1275 951 1320 Vlrl
968 1275 1033 1320 docti
1056 1279 1135 1320 eutem
1146 1275 1171 1320 'in
1186 1275 1261 1321 Anat.

257 1346 341 1391 Wolfii
356 1348 491 1394 distinctio:
519 1361 576 1402 rer,
602 1353 706 1393 renatue
726 1346 810 1401 arbie,
831 1351 870 1390 eet
885 1346 944 1389 mihi
958 1346 1067 1404 argutior
1084 1360 1154 1404 quum
1176 1348 1264 1392 verior

256 1419 360 1462 videtur.
397 1415 457 1461 Narin
481 1422 522 1461 eut
539 1418 681 1472 simpliciter
700 1417 735 1460 sic
756 1417 934 1472 accipiendum,
955 1421 980 1460 ut
997 1417 1072 1460 voluit
1088 1416 1200 1472 Lipsius,
1219 1420 1265 1460 eut

258 1490 323 1547 leg.:
340 1494 377 1521 ⁴-
395 1500 451 1531 rere
468 1493 543 1531 natat
554 1487 624 1532 ordis
634 1493 674 1531 eet
690 1498 744 1530 cum
758 1486 871 1531 Pithone.
907 1482 951 1547 (6)
969 1485 1055 1544 casae}
1068 1487 1133 1532 Ptin.
1153 1502 1177 1532 e*
1188 1491 1263 1531 versu

259 1555 301 1603 13.
338 1570 420 1617 gazae
442 1558 539 1603 retinuit
561 1573 588 1602 ac
614 1559 735 1603 vindicare
762 1558 861 1603 tentavit
883 1556 997 1602 Schulue:
1029 1554 1144 1613 „lllp'rteu
1163 1559 1265 1603 umbre-

258 1629 327 1682 cule,
352 1622 443 1685 inquit,
472 1633 527 1673 eunt
543 1631 609 1686 queei
628 1618 724 1688 gazae,
753 1628 838 1684 quibus
857 1625 930 1672 flores
949 1626 1099 1686 herbaeque,
1125 1630 1190 1674 veris
1209 1629 1263 1672 tlie·

258 1699 339 1752 sauri,
358 1699 537 1745 contiuentur.’'
570 1699 679 1743 Attamen
697 1698 769 1742 etium
783 1698 808 1742 io
826 1697 872 1741 hoc
889 1699 960 1752 poen
975 1697 1020 1742 hoe
1039 1699 1110 1743 nimis
1126 1699 1267 1756 quaesitum

258 1771 361 1817 ridetur.
399 1763 441 1827 (1)
470 1775 524 1814 toro
545 1768 614 1824 Lipe.
650 1766 689 1826 (9)
714 1781 823 1826 superno
842 1767 933 1815 Douze.
970 1764 1083 1822 (lb.)-·
1101 1783 1132 1813 ac
1150 1765 1268 1828 epumeo]

258 1832 393 1885 Praeeunte
413 1834 497 1883 Douzo
517 1844 541 1884 et
552 1836 654 1893 llivino,
674 1839 783 1882 Sunadon
801 1843 824 1882 et
842 1837 968 1882 Schulzee
986 1839 1041 1882 lect.
1062 1838 1107 1885 Cd.
1128 1840 1210 1886 Ptin:
1231 1863 1266 1873 -

259 1909 368 1968 desuper
386 1907 434 1954 leuc
455 1923 568 1968 spumeo.
605 1910 651 1953 Sed
667 1909 744 1952 omnis
762 1909 883 1963 copulatio
901 1908 1038 1962 eiusmodi,
1058 1913 1083 1953 et
1104 1924 1131 1954 en
1153 1924 1266 1965 praeser-

260 1982 320 2035 tim,
345 1994 415 2037 quern
434 1982 559 2025 voluerunt
579 1977 675 2024 efficere
693 1991 737 2033 per
751 1979 892 2031 particulam
907 1992 953 2022 ac.
972 1972 1010 2023 lle
1028 1979 1155 2023 admodum
1169 1981 1267 2025 uidetur

261 2051 385 2108 languere.
422 2049 483 2095 Est:
503 2051 529 2094 in
548 2062 651 2107 spumeo
668 2044 922 2107 globoquusidnaturt
940 2048 1061 2093 muliebri.
1098 2051 1181 2094 Douze
1199 2052 1266 2094 role-

261 2119 317 2165 bet:
337 2134 367 2164 ac
386 2133 488 2178 spumeo
499 2120 597 2178 pontis
615 2118 698 2179 globo.
720 2118 834 2163 Ceterum
853 2118 938 2174 scripsi
951 2117 1051 2162 Dionen
1063 2132 1107 2174 pro
1120 2119 1185 2167 Cett.
1200 2118 1265 2165 Dia·

261 2203 329 2235 nem.
365 2188 420 2248 (11)
439 2189 469 2234 de
484 2189 604 2248 marinis]
623 2189 759 2233 dubitanter
776 2189 886 2234 Rivinus.
922 2188 1061 2232 Probaruut
1073 2190 1185 2246 schulze,
1205 2190 1264 2234 Lin-

262 2262 342 2313 dem,
371 2260 464 2319 lliglen
501 2261 602 2304 Multum
620 2264 675 2314 post
702 2258 875 2303 dubitationem
889 2259 947 2317 'ego
965 2272 1057 2317 quoque
1081 2260 1124 2304 hes
1139 2261 1163 2305 in
1183 2266 1265 2317 pertee

261 2331 381 2397 cpneesei.
428 2331 581 2386 Praepositio
601 2328 631 2373 de
652 2329 713 2383 apud
731 2333 840 2373 noetrum
858 2331 953 2384 poetam
973 2329 1104 2386 quamlibet
1123 2331 1175 2376 fere
1194 2330 1267 2375 hebet

263 2398 472 2459 significationem.
508 2401 559 2444 lam
577 2413 600 2444 v.
615 2397 748 2443 undantem
761 2400 900 2444 necessario
911 2400 1014 2457 requirit
1027 2400 1183 2454 attributum,
1197 2402 1267 2458 quale

262 2473 325 2515 inest
345 2471 369 2514 in
387 2485 443 2526 vm,
471 2484 531 2528 quae
556 2474 695 2515 tractamus.
742 2469 801 2514 Hinc
824 2468 940 2523 maritis,
965 2470 1027 2526 quod
1048 2469 1164 2524 praebent
1183 2471 1264 2522 cdd..

263 2541 343 2584 locum
359 2540 504 2585 nonhabet.
540 2539 643 2595 Scripsit
660 2540 732 2598 igitur
753 2540 795 2583 ille
810 2536 840 2582 de
858 2538 986 2594 marinio,
1015 2539 1111 2593 idest,
1131 2539 1268 2584 undantem

265 2607 314 2655 huc
335 2610 396 2654 illuc
413 2625 460 2668 per
481 2610 596 2653 marinos
627 2608 734 2672 fluctus.
770 2609 893 2653 Pallentes·
911 2613 991 2654 entem
1008 2609 1120 2654 ferendus
1140 2614 1176 2654 est
1198 2613 1269 2654 lusus

263 2693 303 2723 rr.
322 2680 386 2723 inter
403 2680 465 2723 hunc
482 2679 627 2723 versiculum
643 2684 666 2723 et
684 2691 707 2722 v.
729 2673 754 2722 l.
774 2676 805 2721 de
823 2678 925 2722 maritis
944 2678 1080 2735 imbribus,
1109 2680 1133 2724 in
1155 2694 1202 2738 quo
1221 2681 1267 2725 eli·

264 2750 358 2807 quendo
376 2748 536 2794 offendebam.
585 2748 638 2796 cfr.
658 2749 687 2792 de
713 2760 824 2803 praepos.
847 2746 877 2791 de
896 2750 956 2804 apud
974 2748 1048 2794 Afros
1069 2751 1201 2805 scriptores
1220 2749 1270 2795 Ou-

265 2820 371 2874 dendorp
393 2821 422 2862 ed
439 2819 526 2874 Appul.
547 2818 577 2866 Τ.
600 2818 620 2861 1.
640 2831 663 2872 p.
684 2812 743 2862 250.
792 2814 848 2874 (13)
875 2817 936 2876 Ipsa
955 2819 1065 2878 gemmis
1083 2825 1270 2878 purpurantem

261 2889 351 2955 pingit
365 2901 457 2932 annum
476 2886 581 2952 floridis
599 2888 700 2946 lligler‚
731 2892 797 2932 recte
815 2892 949 2943 annotans,
967 2889 1076 2948 gemmis
1094 2892 1199 2946 positum
1219 2905 1269 2934 nou

265 2973 319 3005 esse
339 2972 410 3013 posse
432 2972 476 3013 pro
495 2958 628 3018 gemmeis.
671 2957 762 3000 Verum
785 2959 908 3005 enimuero
932 2971 986 3002 cum
1012 2958 1084 3003 Aulio
1103 2961 1270 3015 explicandum

265 3041 367 3075 censeo:
387 3028 468 3085 „lpea
489 3041 582 3072 annum
595 3026 705 3091 floridus
718 3027 817 3086 pingit,
838 3033 865 3071 ut
881 3018 975 3087 (qua’er')
993 3030 1103 3088 gemmis
1117 3030 1270 3089 purpuret.''

265 3099 327 3143 God.
341 3098 407 3144 Pith.
424 3099 509 3144 lectio:
529 3111 643 3159 gemmae
655 3103 838 3155 purpurantem
856 3102 902 3141 cet.
922 3100 1101 3154 memorabilis,
1128 3115 1171 3145 nec
1188 3105 1268 3144 lernen

265 3182 322 3213 veru
340 3173 385 3214 est.
422 3169 523 3213 Minime
542 3170 605 3213 enim
620 3169 743 3221 convenit,
763 3172 791 3230 ut
806 3168 966 3222 explicemus:
987 3174 1185 3224 „purpurantem
1205 3171 1269 3229 quod

243 3272 244 3275 η
266 3242 350 3284 attinet
367 3240 396 3283 ud
420 3251 542 3296 gemines,
573 3241 671 3292 acutos,
699 3232 874 3295 (Knoep'en).’'
921 3234 977 3293 (11)
994 3247 1033 3284 ω
1050 3244 1179 3299 turgentes
1198 3240 1266 3296 Lips.

266 3309 359 3353 Placet.
408 3304 496 3365 (lbid.)
524 3306 554 3351 de
577 3306 671 3351 Fauoni
693 3304 797 3366 spiritu]
816 3330 850 3340 —
867 3300 898 3350 de
920 3305 1117 3366 Favoniparitu
1137 3310 1204 3368 quasi
1222 3310 1268 3357 Cd.

265 3379 331 3423 Pith.
348 3379 474 3423 lectionem
488 3378 711 3423 retinuitSchulze.
748 3378 795 3422 Sed
814 3390 875 3421 nunc
898 3377 987 3421 scimus
1002 3377 1047 3423 Cd.
1067 3379 1132 3426 Pith.
1155 3379 1270 3425 naheren

267 3463 306 3505 pr.
323 3460 408 3493 munu:
429 3447 460 3492 de
475 3446 584 3492 Fabonie
608 3447 709 3507 puritia,
736 3448 798 3491 mele
820 3448 937 3502 seper-elie
959 3448 1051 3503 literis,
1080 3453 1105 3492 ut
1123 3447 1149 3493 sn
1166 3451 1189 3493 in
1208 3449 1268 3494 Cdd.

268 3518 527 3563 Secc.Vlll.et1X.
548 3532 560 3562 e
586 3517 715 3561 continenti
736 3517 898 3574 antiquiorum
920 3518 1039 3572 scriptura
1054 3520 1189 3574 descriptis.
1225 3520 1271 3564 Fa·

269 3592 348 3633 cessat
364 3588 436 3646 igitur
449 3589 472 3631 in
491 3591 612 3643 posterum
627 3588 757 3631 inauditum
769 3586 862 3631 Latinis
880 3587 1023 3631 vocabulum
1039 3588 1151 3644 paritur.
1169 3583 1271 3649 (15)·-

268 3659 296 3703 in
314 3663 383 3702 toroe
402 3663 510 3715 tepenter
528 3657 625 3713 Lipsius
646 3657 744 3712 propius
763 3658 791 3700 ed
815 3657 869 3701 lect.
890 3656 935 3700 Cd.
957 3656 1024 3701 Pith.
1044 3659 1071 3701 in
1093 3664 1155 3702 totos
1166 3664 1272 3717 pentec,

268 3728 339 3785 prob.
359 3728 428 3772 Auel.
450 3727 550 3771 Wottii:
570 3726 612 3771 Sie
627 3725 657 3784 ja
676 3724 772 3787 drc‘e‘ngt
783 3725 824 3771 die
836 3722 959 3784 Knoepen
972 3725 1023 3771 Ver
1040 3728 1068 3772 in
1080 3741 1188 3772 warmer
1199 3725 1272 3788 Lithe

269 3796 408 3846 Brautbett.
446 3799 491 3842 Sed
511 3797 555 3844 cfr.
580 3797 733 3862 Wernpdorl.
777 3793 833 3853 (16)
851 3793 992 3857 humentes]
1010 3811 1054 3852 pro
1073 3799 1192 3843 tumentis
1212 3801 1272 3843 utri·

271 3881 345 3924 usque
362 3867 423 3912 Cod.
440 3868 510 3912 tacite
526 3867 659 3911 emendavit
670 3866 737 3922 Lipe.
775 3864 829 3922 (11)
846 3863 887 3910 En
904 3867 999 3911 micant
1010 3866 1143 3926 lacrimae]
1163 3869 1270 3913 schulze.

271 3943 378 4002 ‚,Roris‚
397 3940 491 3999 inquit,
510 3939 615 3998 guttulae
633 3937 734 3992 micent,
755 3950 799 3984 suo
813 3937 919 3994 pondere
937 3937 1038 3984 libratae
1057 3943 1081 3984 et
1095 3953 1211 3994 cesurae,
1231 3939 1271 3984 sed
