2834 4630
161 482 403 572 Interrogavit,
425 506 465 550 ao
483 488 555 571 plus
580 486 783 552 adversarius

160 590 324 654 Valuisset
346 588 453 653 eius‘l
480 591 558 655 Ille:
583 593 635 655 Ne
655 591 741 655 istud
762 588 901 666 dixeris3

158 694 269 757 Multo
292 693 383 756 suere
406 692 492 757 vires
514 693 652 758 maiores
673 712 772 758 meae.

158 797 276 877 Quod,
299 794 418 881 inquit,
443 818 544 881 ergo,
568 798 677 873 stulte,
702 794 846 860 meruisti
864 798 977 872 decus,

157 899 270 963 Minus
296 898 450 962 valentem
469 899 497 962 si
519 899 625 964 vicisti
645 898 789 964 sortior?

160 1003 325 1065 Ferendus
347 1024 448 1079 esses,
471 1002 559 1067 forte
582 1003 609 1066 si
627 1014 659 1067 te
682 1003 805 1068 diceres

162 1105 353 1187 superasse,
377 1104 493 1172 melior
517 1107 573 1192 qui
595 1117 677 1171 esset
699 1106 835 1171 viribus.

387 1396 389 1403 χ
556 1334 653 1394 [rao.
673 1328 758 1395 nul]

424 1451 591 1522 ASINUS
615 1459 679 1533 AD
702 1448 887 1522 LYRAM.

268 1597 414 1669 Quomodo
432 1604 549 1670 ingenia
568 1616 650 1671 saepe
672 1600 836 1651 calamitate
856 1597 1041 1655 intercidant.

206 1728 326 1795 Asinus
348 1729 502 1794 iacentem
524 1727 606 1794 vidit
624 1727 657 1792 in
678 1740 773 1810 prato
796 1729 913 1809 lyrarut
972 1782 974 1787 .

163 1832 315 1898 Accessit
339 1832 524 1898 attentavit
546 1835 684 1896 chordas
705 1831 843 1917 ungula3

164 1939 310 2000 Sonuere
331 1946 447 1999 tactae.
492 1935 583 2000 Bella
605 1956 658 1999 res
679 1936 876 1998 mehercules

163 2039 256 2103 Male
279 2038 389 2116 cessit,
413 2038 473 2115 ait,
497 2038 576 2102 artis
597 2037 671 2124 quia
694 2055 761 2101 sum
783 2037 929 2102 nesciust

164 2141 201 2206 Si
221 2141 417 2225 repperisset
438 2140 552 2230 aliquis
570 2142 654 2205 hauc
676 2141 888 2224 prudentior,

162 2244 293 2311 Divinis
314 2267 405 2309 aures
427 2245 619 2310 oblectasset
644 2244 799 2309 cantibus.

95 2416 104 2419 ,
162 2347 221 2412 sic
242 2370 336 2433 saepe
356 2347 484 2434 ingenia
505 2346 682 2412 calamitate
704 2348 910 2415 intercidunt.

557 2578 659 2638 [sunu
673 2570 757 2640 xlm]

342 2690 531 2767 moulan
552 2692 703 2767 vinna
727 2704 788 2766 Eu·
811 2688 971 2769 Minus

377 2844 491 2913 Quanta
509 2849 551 2895 sit
567 2850 762 2897 inconstantia
783 2845 938 2898 mulierrrmt

209 2975 275 3039 Per
297 2972 420 3058 aliquot
441 2994 540 3037 annos
562 2977 715 3059 quaedam
739 2973 887 3037 dilectum
909 2974 1015 3040 virum

166 3076 287 3142 Amisit
305 3088 336 3140 et
355 3078 560 3160 sarcophago
584 3097 703 3158 corpus
725 3075 888 3150 condidit3

167 3183 201 3245 A
223 3201 288 3267 quo
312 3178 425 3244 revelli
445 3179 533 3243 nullo
552 3192 648 3262 quum
670 3190 781 3260 posset
803 3182 919 3256 modo,

167 3285 212 3347 Et
228 3282 266 3363 iu¹
283 3282 455 3364 sepulchro
478 3281 576 3344 vitam
595 3280 707 3365 lugens
730 3286 877 3366 degeret,

167 3387 298 3452 Claram
319 3396 486 3471 assequuta
505 3395 553 3447 est
572 3384 688 3446 santam
710 3396 814 3448 castae
836 3384 985 3469 virginis.
1137 3390 1157 3451 5

166 3468 296 3554 Interea
316 3488 423 3552 sanum
449 3480 505 3573 qui
523 3485 736 3587 compilarant
756 3475 864 3563 Iovis,

165 3676 242 3728 Neap.
275 3695 304 3705 -
331 3685 404 3730 quum
423 3671 526 3717 vidisset
544 3669 710 3729 philosophus
729 3673 749 3716 l.
768 3674 790 3717 to
812 3672 858 3718 Ed.
878 3687 928 3718 sae.
984 3671 1022 3731 (3)
1047 3690 1080 3720 on
1095 3678 1157 3737 plue
1222 3711 1225 3717 .

165 3741 235 3802 oda]
256 3742 276 3786 l.
310 3746 350 3773 -'
372 3743 513 3799 ampliusne
530 3741 587 3785 ada.
605 3743 662 3785 Vnt.
688 3741 763 3796 Neap.
819 3741 859 3799 (l)
878 3741 1007 3789 Vulttiaect
1026 3746 1096 3804 ‘clarel
1116 3747 1156 3789 Sic

166 3813 263 3868 scripsi.
284 3834 316 3845 -··
337 3809 540 3856 Volaterranum
558 3813 613 3854 Vat.
633 3810 709 3866 Neap.
730 3836 763 3845 -
781 3809 848 3856 Suus
866 3816 915 3859 ool.
936 3817 955 3860 Ι.
1007 3816 1047 3874 (9)
1067 3816 1156 3858 rnelior

167 3884 212 3943 pai
224 3879 301 3940 earet]
311 3882 341 3925 Β.
354 3881 383 3925 Ζ.
403 3900 435 3915 ν·-
454 3882 496 3941 qus'
513 3886 580 3925 erret
592 3880 681 3924 molior
700 3883 756 3925 Vat.
771 3880 846 3936 Noap.
865 3902 897 3917 —
916 3883 1062 3943 putsuieset
1073 3885 1121 3926 atr.
1132 3883 1154 3952 ll.

219 3953 280 3997 Fau.
300 3950 373 3996 ΜΗ.
410 3948 445 4006 (2)
463 3957 486 3995 et
500 3947 612 4006 tentarit]
631 3950 650 3993 l.
668 3950 696 3997 G.
713 3950 774 3995 nai.
793 3971 828 3983 -
846 3966 894 3998 om.
915 3960 938 3997 at
956 3957 1012 3998 Vnt.
1033 3953 1108 4004 Neon.

221 4022 281 4065 Fas.
300 4021 372 4066 XIV.
408 4018 449 4077 (l)
467 4020 542 4065 attam
559 4015 661 4077 lugens]
692 4022 749 4065 Vnt.
786 4042 818 4053 -η
853 4006 945 4082 Ιιιςξιω
975 4023 1051 4066 attam
1079 4019 1156 4072 Neap.

213 4112 299 4152 Phaedri
312 4114 364 4152 rats.
379 4126 444 4152 novar
459 4111 550 4151 XXXll.
987 4115 1006 4172 2
