2834 4630
164 472 259 537 Vicit
280 473 424 555 locuples
444 493 543 557 genus
564 483 597 535 et
614 471 750 538 formam
773 471 940 556 pauperis:

164 579 209 642 Ut
229 575 410 659 nuptiarum
436 574 539 640 dictus
561 576 690 642 advenit
712 577 796 653 dies,

162 681 283 744 Amans
304 671 450 744 dolorem
471 677 546 764 quia
567 701 632 751 non
654 690 784 762 poterat
806 677 951 762 perpeti,

162 785 315 847 Maerens
335 781 541 868 propinquos
564 781 702 846 contulit
722 805 754 846 se
775 769 807 845 iu
829 782 997 857 hortulos,
1082 794 1084 801 “
1133 782 1152 846 5

163 888 257 966 Quos
277 887 359 947 ultra
380 885 476 967 paulo
499 884 575 947 villa
593 884 760 967 splendida
783 870 892 949 divitis
926 942 930 951 f

163 991 244 1053 Erat
267 999 438 1071 acceptura
458 986 615 1072 virginem
638 1009 656 1050 e
678 989 787 1053 matris
810 987 895 1065 sinu3
933 1038 935 1046 .

163 1094 283 1156 Parum
307 1091 411 1174 ampla
427 1090 461 1153 in
479 1093 563 1181 urbe
581 1090 651 1155 visa
674 1094 764 1177 quod
785 1092 890 1155 fuerat
914 1094 1038 1155 domus.

114 1270 118 1291 ἱ
163 1196 291 1277 Pompa
314 1192 511 1276 explicatur,
535 1196 629 1257 turba
649 1194 815 1258 concurrit
838 1178 1008 1281 frequens,

163 1301 207 1363 Et
233 1295 432 1382 coniugalem
455 1299 588 1379 praebet
609 1299 803 1378 hymenaeus
825 1298 942 1361 facem.
1111 1298 1153 1369 10
1197 1333 1201 1339 ·

163 1401 292 1464 Asellus
315 1411 433 1475 autem,
457 1398 512 1485 qni
532 1400 656 1464 solebat
677 1400 813 1483 pauperi
906 1386 910 1393 ⁶

164 1505 335 1584 Quaestum
359 1503 504 1580 deferre,
527 1506 631 1566 stabat
651 1515 767 1586 portae
789 1502 822 1565 in
845 1502 966 1568 limine.

162 1607 256 1671 Illum
277 1607 402 1689 puellae
426 1628 499 1669 casu
522 1610 704 1670 conducunt
725 1627 815 1682 suae,

162 1710 247 1773 Viae
268 1709 397 1774 labores
416 1721 545 1797 teneros
561 1730 600 1770 ue
620 1708 747 1772 laedant
766 1713 877 1795 pedes.

163 1815 309 1895 Repente
330 1812 469 1889 caelum,
494 1810 633 1875 Veneris
656 1810 894 1888 misericordia,
944 1834 951 1857 ²
1108 1815 1150 1879 15

127 1954 133 1970 κ
164 1910 279 1980 Ventis
300 1906 464 1990 movetur,
486 1913 610 1979 intonat
632 1915 739 1978 muudi
764 1916 883 2000 fragor
901 1936 903 1945 ¹

82 2060 90 2068 ·
164 2021 368 2103 Noctemque
386 2017 495 2081 densis
516 2018 682 2081 horridam
706 2018 824 2082 nimbis
849 2031 987 2102 paratt'

163 2123 241 2184 Lux
261 2120 388 2205 rapitur
409 2120 510 2185 oculis
531 2133 567 2185 et
584 2120 676 2184 simul
696 2121 746 2185 vis
771 2121 934 2212 grandinis

164 2228 276 2291 Effusa
295 2223 442 2308 trepidos
462 2224 581 2308 passim
605 2224 740 2289 comites
764 2225 912 2308 dissipat,
945 2264 949 2271 ·

163 2327 234 2393 Sibi
254 2347 411 2414 quemque
435 2350 555 2413 cogens
574 2340 686 2412 petere
707 2310 901 2411 praesidium
919 2328 1010 2413 suga.
1068 2340 1071 2345 ’
1109 2329 1151 2392 20
1237 2396 1240 2401 ,

162 2432 291 2497 Asellus
310 2443 419 2495 notum
440 2431 625 2514 proximum
638 2442 764 2503 ,tectum
783 2432 869 2495 subit
946 2440 948 2445 ’
1080 2441 1088 2447 “

163 2537 208 2598 Et
226 2555 307 2598 voce
326 2556 439 2619 magna
463 2557 531 2598 sese
554 2534 676 2598 venisse
697 2534 852 2598 iudicat*
902 2536 914 2541 ’

163 2639 368 2701 Procurrunt
389 2636 496 2719 pueri,
520 2638 685 2720 pulchram
707 2637 867 2721 aspiciunt
888 2637 1049 2724 virginem

164 2743 209 2804 Et
230 2739 446 2810 admirantur:
474 2741 739 2817 deiude‘domino
760 2740 916 2809 nuntiant.
947 2772 953 2819 ¹.

164 2845 255 2908 l'nter
277 2843 401 2906 sodales
422 2844 474 2906 ille
495 2867 616 2926 paucos
635 2847 809 2927 accubans,
1111 2847 1152 2912 25

166 2950 321 3012 Amorem
346 2946 469 3008 crebris
490 2951 648 3011 avocabat
670 2942 811 3030 poculis.
860 2934 864 2947 ’

165 3050 232 3115 Ubi
256 3047 429 3113 nuntiatum
450 3061 516 3125 est,
539 3062 702 3114 recreatus
726 3049 848 3134 gaudiis

165 3156 327 3217 Hortante
346 3153 479 3216 Baccho
498 3164 529 3215 et
546 3153 694 3229 Venere,
719 3153 826 3218 dulces
847 3140 978 3238 perlicit

165 3252 378 3340 Aequalitatis
398 3252 482 3318 luter
498 3256 626 3338 plausus
647 3256 787 3340 nuptias.
896 3270 901 3283 ¹

167 3361 337 3439 Quaerunt
354 3370 500 3439 parentes
518 3382 577 3441 per
598 3382 791 3445 praeconem
813 3359 928 3439 filiam3
1019 3354 1051 3416 s
1111 3364 1153 3427 30
1228 3370 1240 3378 '

165 3465 283 3527 Novus
304 3461 436 3524 maritus
459 3462 597 3547 coniuge
621 3464 734 3527 amissa
755 3466 856 3530 dolet.
895 3444 897 3451 ,

167 3563 255 3646 Quid
276 3576 357 3629 esset
379 3576 481 3626 actum
504 3548 674 3650 postquam
698 3569 822 3651 populo
848 3568 1003 3646 innotuit,

168 3670 287 3735 Omnes
308 3667 454 3741 fauorem
475 3650 728 3750 comprobarunt
747 3672 905 3737 caelitum.

237 3925 297 3971 Fur.
314 3907 373 3969 XV.
409 3920 447 3980 (6)
469 3920 613 3987 splendida]
635 3924 655 3968 Ι.
675 3923 705 3968 C.
723 3924 754 3970 Ζ.
789 3948 821 3958 -
856 3925 983 3983 splendidi
1003 3927 1057 3970 vat.
1076 3922 1152 3978 Nrrp.

169 3991 226 4055 (l2)
243 3990 353 4053 deferre]
375 3992 403 4038 G.
425 3993 454 4037 Z.
478 4017 511 4028 -
526 3989 600 4052 serre
617 3995 673 4037 Vnt.
695 3992 771 4048 Neon.
929 3990 931 3995 '
