2834 4630
1091 319 1159 384 ‘227

149 468 247 529 Hunc
268 485 347 548 ager
369 487 440 528 cum
462 467 646 546 ptuuiret
667 465 736 546 ipsa
757 463 898 546 suscepit
918 463 1018 527 sinu

150 570 227 650 lpse
248 568 365 631 flocum
387 567 586 637 delicatis
607 567 754 631 educavit
775 567 893 632 osculis

150 670 325 736 Cuasamet
336 671 389 752 qui
398 669 678 753 uunquumamavit
689 670 807 754 quique
818 670 1011 734 emovitcros
1020 680 1104 734 amet
1114 669 1156 732 80

149 776 238 838 Ecce
260 774 319 835 iam
342 794 439 854 super
461 784 609 856 genestae
631 773 770 854 explicat
791 773 876 837 aonii
897 774 978 836 latus

150 876 295 958 Quisque
318 888 409 939 tuus
431 897 498 961 quo
519 888 645 938 tenetur
667 898 750 939 cum
771 875 904 957 iugali
923 876 1068 940 federe

71 998 75 1006 ·
151 981 270 1043 Subtec
285 982 412 1061 umbras
427 1000 496 1041 cum
514 979 634 1041 maritis
655 979 966 1043 ecceva‘laotum
982 1000 1155 1064 gregum

63 1114 68 1121 ¹
150 1084 196 1146 Et
218 1103 397 1145 canores
418 1103 483 1146 non
505 1094 613 1144 tacere
635 1080 707 1144 diva
730 1081 823 1145 iussit
844 1081 935 1146 alites

150 1189 219 1250 Iam
234 1185 387 1268 loquaces
402 1205 461 1248 ore
476 1180 574 1248 rauco
596 1197 738 1270 stagna
760 1184 874 1269 c'igui
895 1197 1099 1268 perstrepunt
1115 1187 1155 1251 85

150 1288 693 1371 Adsonantceereipuellae
709 1288 1156 1379 supterumbrampopuli

152 1394 198 1457 Ut
220 1404 339 1474 putas
363 1403 467 1455 mouns
490 1392 609 1455 amoris
630 1413 688 1456 ore
709 1390 881 1455 dicimus
903 1391 915 1453 i
936 1412 982 1456 co
1189 1394 1192 1401 '

152 1498 182 1561 E
200 1507 241 1556 et
263 1515 362 1580 neges
384 1494 503 1579 queri
525 1510 671 1558 sororem
693 1498 733 1559 de
755 1496 867 1561 marito
890 1497 1030 1560 barbaro

151 1600 211 1664 Illa
234 1610 340 1662 cantat
360 1619 419 1683 uos
441 1609 579 1660 tacemus
602 1601 765 1680 quando
788 1621 858 1662 ver
881 1597 968 1662 venit
989 1619 1093 1661 meum

153 1702 290 1783 Quando
305 1701 454 1764 faciam
471 1712 513 1763 ut
534 1701 700 1764 celidon
715 1714 754 1764 ut
774 1700 1088 1765 taceretdesiuam
1112 1701 1155 1765 90

153 1804 401 1870 Perdidimus
423 1806 649 1869 antecendo
672 1805 716 1868 uit
736 1825 786 1868 me
806 1803 922 1869 foebus
942 1800 1074 1887 respicit

154 1908 208 1971 Sic
229 1907 376 1971 umidas
398 1929 469 1970 cum
491 1918 613 1971 taceret
633 1907 814 1990 perdidit
836 1906 992 1971 silentium
1027 1920 1030 1925 ’

154 2010 236 2076 Cras
248 2022 332 2074 amet
340 2010 394 2094 qui
408 2031 566 2095 nunquam
576 2010 693 2075 amavit
708 2009 825 2096 quique
841 2010 960 2075 amavit
974 2031 1046 2074 cras
1057 2020 1154 2074 amet.

207 2210 247 2259 78.
269 2215 382 2273 prurire!
406 2227 459 2259 cum
485 2215 528 2258 lin.
557 2213 639 2259 subter
657 2214 693 2258 lu.
712 2228 739 2273 p.
777 2213 804 2258 id
822 2218 859 2259 est
876 2215 987 2272 propris,
1003 2212 1153 2274 perierim.

154 2282 196 2330 ⁸8.
217 2283 306 2347 neges]
325 2286 364 2330 Sic
381 2285 468 2330 Hsuth.
489 2285 542 2330 siu.
564 2285 651 2343 legisse
667 2285 761 2328 videtui·
778 2297 864 2345 roges.
1191 2288 1196 2295 ¹

564 2571 763 2592 *-
