2834 4630
1112 331 1173 395 219

172 422 177 447 ι
408 432 417 445 ,

172 477 289 539 donum
311 473 522 559 gratissimum
544 475 645 537 debeo
667 471 825 556 Riglero,
860 471 914 556 qui
939 493 1061 536 mecum
1082 494 1173 537 com·

170 575 343 642 manicavit
367 576 665 659 disputatiunculam
688 573 733 638 sic
755 575 958 657 inscriptam:
996 576 1177 640 Examina

170 681 357 769 Gymnasii
378 679 555 746 Cliviensis
578 682 640 745 VI.
663 690 696 741 et
718 682 799 745 VII.
822 691 902 743 ante
926 679 1010 744 Idus
1025 682 1179 762 Septem·

164 786 249 848 iares
270 780 575 848 MDCCCXXIX.
595 783 730 865 publice
752 780 874 846 indicit
895 780 1079 846 Fridericus
1107 783 1178 845 An-

169 887 278 952 tonius
294 886 424 972 Rigler,
448 887 583 949 scholae
595 885 759 950 director.
803 889 926 951 Insunt
937 886 1179 949 annotationes

171 990 365 1055 maximam
393 1001 532 1073 portem
555 988 693 1051 criticae
716 987 752 1050 in
772 998 894 1072 poetas
919 990 1079 1066 Latinos,
1114 988 1174 1072 qui

171 1094 323 1165 minores
362 1104 541 1179 uocantur.
585 1091 773 1175 Appendix
809 1095 969 1178 syllogea
1001 1091 1179 1156 contineas

168 1195 509 1260 animaduersionum
529 1195 566 1259 in
588 1195 714 1259 libram
736 1195 945 1258 Manethonis
968 1198 1178 1278 Apotelesm.

170 1299 377 1364 secundum:
413 1298 557 1383 denique
593 1301 736 1363 annales
772 1301 922 1363 scholae.
981 1297 1105 1364 Clivine
1134 1320 1181 1361 ea

169 1401 315 1490 officim
329 1401 524 1468 Kocbiaaa.
547 1402 612 1476 11⁰.;
648 1402 680 1463 in
705 1423 766 1486 qna
785 1423 846 1464 una
871 1423 942 1464 cum
959 1402 1060 1469 amico
1075 1401 1180 1466 Axtio

169 1504 352 1587 complures
384 1503 554 1589 Pervigilii
586 1506 678 1567 locos
703 1507 796 1568 docte
818 1504 982 1567 tractavit.
1027 1505 1089 1569 His
1112 1527 1181 1567 mit·

167 1608 300 1671 neribus
321 1606 459 1689 acceptis
495 1607 527 1670 id
556 1606 676 1692 negotii
703 1606 820 1683 habui,
851 1618 888 1669 ut
908 1619 1090 1671 excuterem
1114 1608 1180 1670 edi-

168 1710 291 1788 tiones,
315 1730 397 1794 quae
412 1710 486 1773 mihi
501 1723 632 1792 praesto
648 1722 755 1786 erant,
780 1711 965 1792 Lipsianam
979 1713 1197 1775 Electoram‘

168 1814 247 1878 Lib.
270 1815 298 1877 1.
322 1817 407 1896 Cap.
430 1815 463 1875 5.
508 1815 572 1877 Ed.
589 1816 750 1895 Antverp.
777 1814 871 1876 1611.
917 1813 1180 1878 salmasio-Scri-

170 1916 333 1978 veriauam
355 1915 386 1979 in
410 1916 454 1980 D.
481 1916 593 1980 Baudii
622 1917 811 1982 Amoribas
838 1917 949 2001 Lugd.
983 1918 1057 1980 Bat.
1083 1917 1178 1980 1638.

170 2020 236 2082 Ed.
265 2041 336 2081 cum
359 2031 515 2084 annotatt.
535 2019 659 2083 varior.
688 2019 1096 2109 Hagae-Comitis1712.,
1122 2021 1181 2083 Sa·

170 2122 375 2186 nadouianam
404 2124 534 2204 (1729),
568 2123 813 2187 Bouhicrianam
842 2123 955 2204 (1737)
984 2123 1180 2209 Gottingen·

170 2246 237 2288 seru
263 2224 337 2309 apui
360 2225 473 2302 itta,
514 2247 607 2311 quam
629 2227 660 2293 Ι.
690 2229 743 2290 M.
768 2210 1012 2290 Gesnero‘snni
1042 2226 1098 2310 qui
1119 2227 1180 2289 tri-

170 2330 288 2407 buant,
319 2326 634 2407 Wernsdoifianam,
661 2329 935 2409 Schulzianamli),
971 2331 1178 2395 Moebianam

170 2431 300 2513 (1816),
333 2432 408 2495 Viri
434 2433 521 2499 docti
549 2433 839 2516 interpretationem
877 2434 909 2496 in
949 2431 1064 2498 Wolfii
1091 2434 1180 2496 Aua·
1204 2466 1207 2471 >
1234 2418 1242 2458 ⁹

171 2534 263 2598 lectis
284 2535 366 2600 Vol.
390 2538 422 2599 2.
445 2558 481 2618 p.
507 2537 603 2613 558„
634 2537 934 2600 Lindemanninnam
957 2535 1179 2618 repetitionem

169 2638 204 2701 iu
218 2638 351 2702 selectis
365 2662 383 2702 e
393 2640 505 2723 poetis
520 2640 657 2704 Latinis
671 2641 880 2705 carminibus
895 2640 1018 2721 (1823).
1042 2639 1179 2703 Minime

171 2753 273 2804 autern
290 2762 371 2824 opus
387 2755 466 2820 erat,
482 2756 517 2807 ut
529 2766 637 2808 omnes
654 2757 684 2833 et
699 2743 902 2809 coniecturae
918 2754 948 2806 et
958 2765 1087 2807 errores
1096 2744 1178 2806 VV.

170 2843 250 2909 DD.
268 2857 539 2922 memorarentur3
563 2851 620 2911 sed
641 2833 726 2911 iniis
742 2849 887 2924 substiti,
912 2869 993 2933 quae
1008 2869 1085 2910 vere
1102 2867 1179 2910 con-

171 2947 259 3011 ferre
279 2947 465 3011 viderentur
490 2952 530 3011 ad
550 2949 697 3012 carminis
725 2945 866 3016 criiicam
891 2948 1112 3014 tractationem
1143 2971 1180 3012 ac

171 3050 353 3114 necessario
366 3049 540 3136 significari
557 3054 742 3128 debebant,
757 3055 811 3118 ubi
832 3046 1009 3139 abeundum
1025 3056 1178 3116 duxeram

172 3157 213 3216 ab
249 3157 414 3218 amborum
447 3153 533 3220 cdd.
572 3155 781 3220 lectionibus:
826 3144 1038 3221 recentiorum
1075 3168 1178 3220 tarneu

171 3269 247 3341 post
275 3258 551 3335 Werusdorfium,
587 3258 728 3323 Sebulzii
750 3261 953 3342 praesertim,
990 3245 1125 3346 Rigleri·
1148 3272 1180 3341 et

172 3359 266 3424 Antii
286 3358 400 3423 iudicia
423 3362 525 3425 omnia
549 3363 655 3426 retuli.
709 3365 799 3446 Quae
822 3386 863 3428 ex
885 3365 988 3429 altero
1010 3376 1085 3429 utro
1110 3363 1180 3433 co-.

173 3463 242 3527 dice
265 3467 452 3546 deprompta
477 3466 539 3529 sint
560 3488 627 3530 mea
650 3467 680 3529 in
704 3467 906 3546 recensione,
941 3491 1001 3552 per
1023 3490 1057 3531 se
1079 3489 1180 3551 appa·

171 3578 222 3630 ret
243 3567 389 3649 inspecto
411 3567 574 3651 utriusque
597 3571 786 3653 exemplari.

224 3709 250 3768 *)
268 3713 355 3758 incerti
387 3714 500 3759 Auctoris
523 3698 682 3775 Per-vigilium
710 3721 829 3773 Verteris,
861 3723 1032 3766 commentario
1064 3728 1179 3778 perpetuo
1280 3722 1286 3727 ’

171 3784 332 3838 illustratum,
361 3785 486 3839 prooemio
506 3790 537 3839 „et
561 3788 671 3832 lectionis
696 3792 809 3834 varietate
834 3792 986 3835 instructum.
1032 3792 1178 3841 Dissertatio

170 3853 331 3912 philologica,
357 3867 441 3910 quam,
468 3857 630 3901 consentiente
648 3858 796 3913 amplissimo
817 3860 1014 3916 philosophorum
1035 3863 1118 3904 ordine
1134 3876 1179 3915 pro

171 3924 284 3968 facultate
315 3923 408 3982 legendi
431 3924 469 3969 die
498 3924 570 3969 XXI.
590 3929 673 3971 Martii
698 3929 871 3974 Mucccxn.
892 3931 986 3985 publice
1005 3931 1115 3975 defendet
1132 3931 1179 3973 Er-

172 3998 254 4037 nestus
271 3993 348 4038 Cour.
360 3992 498 4038 Fridericus
516 3995 631 4052 Sebnlze,
657 3999 741 4043 doctor
759 3999 933 4055 philosophiae.
955 4000 1098 4058 Gottingae,
1117 4000 1179 4055 typis

174 4064 194 4107 l.
215 4064 244 4108 C.
264 4064 351 4119 Beier,
370 4067 466 4121 typogr.
485 4066 563 4110 Acad.
584 4063 621 4112 4⁰.
