<?xml version="1.0" encoding="UTF-8"?>
<!DOCTYPE html PUBLIC "-//W3C//DTD XHTML 1.0 Transitional//EN"
    "http://www.w3.org/TR/xhtml1/DTD/xhtml1-transitional.dtd">
<html xmlns="http://www.w3.org/1999/xhtml" xml:lang="en" lang="en">
 <head>
  <title>
</title>
<meta http-equiv="Content-Type" content="text/html;charset=utf-8" />
  <meta name='ocr-system' content='tesseract 3.04.00' />
  <meta name='ocr-capabilities' content='ocr_page ocr_carea ocr_par ocr_line ocrx_word'/>
</head>
<body>
  <div class='ocr_page' id='page_1' title='image "./phaedrifabulaea01aratgoog_0085.png"; bbox 0 0 2870 4626; ppageno 0'>
   <div class='ocr_carea' id='block_1_1' title="bbox 172 316 327 402">
    <p class='ocr_par' dir='ltr' id='par_1_1' title="bbox 172 316 327 402">
     <span class='ocr_line' id='line_1_1' title="bbox 172 316 327 402; baseline 0.006 -1"><span class='ocrx_word' id='word_1_1' title='bbox 172 316 327 402; x_wconf 67' lang='lat' dir='ltr'><strong>‘ns</strong></span> 
     </span>
    </p>
   </div>
   <div class='ocr_carea' id='block_1_2' title="bbox 286 470 1282 666">
    <p class='ocr_par' dir='ltr' id='par_1_2' title="bbox 286 470 1282 666">
     <span class='ocr_line' id='line_1_2' title="bbox 288 470 1079 562; baseline -0.005 -20"><span class='ocrx_word' id='word_1_2' title='bbox 288 470 290 477; x_wconf 68' lang='grc'><strong>’</strong></span> <span class='ocrx_word' id='word_1_3' title='bbox 327 479 406 543; x_wconf 90' lang='lat' dir='ltr'><strong>Noli</strong></span> <span class='ocrx_word' id='word_1_4' title='bbox 428 479 588 542; x_wconf 74' lang='lat' dir='ltr'><strong>adfectare</strong></span> <span class='ocrx_word' id='word_1_5' title='bbox 612 479 699 562; x_wconf 91' lang='lat' dir='ltr'><strong>qnod</strong></span> <span class='ocrx_word' id='word_1_6' title='bbox 721 474 780 541; x_wconf 90' lang='lat' dir='ltr'><strong>tibi</strong></span> <span class='ocrx_word' id='word_1_7' title='bbox 801 497 865 540; x_wconf 89' lang='lat' dir='ltr'><strong>nou</strong></span> <span class='ocrx_word' id='word_1_8' title='bbox 888 487 934 540; x_wconf 89' lang='lat' dir='ltr'><strong>est</strong></span> <span class='ocrx_word' id='word_1_9' title='bbox 955 478 1079 551; x_wconf 84' lang='lat' dir='ltr'><strong>datum,</strong></span> 
     </span>
     <span class='ocr_line' id='line_1_3' title="bbox 286 579 1282 666; baseline -0.004 -21"><span class='ocrx_word' id='word_1_10' title='bbox 286 580 404 648; x_wconf 79' lang='lat' dir='ltr'><strong>Delusa</strong></span> <span class='ocrx_word' id='word_1_11' title='bbox 427 603 466 645; x_wconf 86' lang='lat' dir='ltr'><strong>ne</strong></span> <span class='ocrx_word' id='word_1_12' title='bbox 488 602 562 664; x_wconf 85' lang='lat' dir='ltr'><strong>spes</strong></span> <span class='ocrx_word' id='word_1_13' title='bbox 584 584 623 653; x_wconf 81' lang='lat' dir='ltr'><strong>ad</strong></span> <span class='ocrx_word' id='word_1_14' title='bbox 643 583 804 666; x_wconf 87' lang='lat' dir='ltr'><strong>querelam</strong></span> <span class='ocrx_word' id='word_1_15' title='bbox 826 579 959 644; x_wconf 86' lang='lat' dir='ltr'><strong>recidat.</strong></span> <span class='ocrx_word' id='word_1_16' title='bbox 1242 582 1282 641; x_wconf 83' lang='lat'><strong>15</strong></span> 
     </span>
    </p>
   </div>
   <div class='ocr_carea' id='block_1_3' title="bbox 396 780 1166 970">
    <p class='ocr_par' dir='ltr' id='par_1_3' title="bbox 396 780 1166 970">
     <span class='ocr_line' id='line_1_4' title="bbox 675 780 893 842; baseline -0.005 -13"><span class='ocrx_word' id='word_1_17' title='bbox 675 781 773 842; x_wconf 77' lang='lat' dir='ltr'><strong>[nas.</strong></span> <span class='ocrx_word' id='word_1_18' title='bbox 802 780 893 840; x_wconf 61' lang='grc' dir='ltr'><strong>ω]</strong></span> 
     </span>
     <span class='ocr_line' id='line_1_5' title="bbox 396 898 1166 970; baseline -0.006 -2"><span class='ocrx_word' id='word_1_19' title='bbox 396 903 604 970; x_wconf 87' lang='lat' dir='ltr'>AESOPUS</span> <span class='ocrx_word' id='word_1_20' title='bbox 627 901 906 967; x_wconf 89' lang='lat' dir='ltr'><strong>RESPONDET</strong></span> <span class='ocrx_word' id='word_1_21' title='bbox 929 898 1166 966; x_wconf 84' lang='lat' dir='ltr'><strong>GARRULO.</strong></span> 
     </span>
    </p>
   </div>
   <div class='ocr_carea' id='block_1_4' title="bbox 256 1040 1282 2257">
    <p class='ocr_par' dir='ltr' id='par_1_4' title="bbox 256 1040 1282 2257">
     <span class='ocr_line' id='line_1_6' title="bbox 327 1040 1113 1126; baseline -0.009 -17"><span class='ocrx_word' id='word_1_22' title='bbox 327 1046 475 1126; x_wconf 88' lang='lat' dir='ltr'><strong>Aesopus</strong></span> <span class='ocrx_word' id='word_1_23' title='bbox 498 1044 625 1107; x_wconf 90' lang='lat' dir='ltr'><strong>domino</strong></span> <span class='ocrx_word' id='word_1_24' title='bbox 647 1043 734 1107; x_wconf 90' lang='lat' dir='ltr'><strong>solus</strong></span> <span class='ocrx_word' id='word_1_25' title='bbox 756 1064 853 1126; x_wconf 88' lang='lat' dir='ltr'><strong>quum</strong></span> <span class='ocrx_word' id='word_1_26' title='bbox 875 1051 958 1104; x_wconf 88' lang='lat' dir='ltr'><strong>esset</strong></span> <span class='ocrx_word' id='word_1_27' title='bbox 978 1040 1113 1118; x_wconf 82' lang='lat' dir='ltr'><strong>familia,</strong></span> 
     </span>
     <span class='ocr_line' id='line_1_7' title="bbox 285 1144 918 1212; baseline -0.005 -1"><span class='ocrx_word' id='word_1_28' title='bbox 285 1148 409 1212; x_wconf 87' lang='lat' dir='ltr'><strong>Parare</strong></span> <span class='ocrx_word' id='word_1_29' title='bbox 431 1167 537 1209; x_wconf 89' lang='lat' dir='ltr'><strong>cenam</strong></span> <span class='ocrx_word' id='word_1_30' title='bbox 559 1145 661 1208; x_wconf 89' lang='lat' dir='ltr'><strong>iussus</strong></span> <span class='ocrx_word' id='word_1_31' title='bbox 685 1158 732 1207; x_wconf 89' lang='lat' dir='ltr'><strong>est</strong></span> <span class='ocrx_word' id='word_1_32' title='bbox 755 1144 918 1208; x_wconf 85' lang='lat' dir='ltr'><strong>maturius.</strong></span> 
     </span>
     <span class='ocr_line' id='line_1_8' title="bbox 284 1245 1163 1333; baseline -0.006 -20"><span class='ocrx_word' id='word_1_33' title='bbox 284 1251 396 1333; x_wconf 84' lang='lat' dir='ltr'><strong>Ignem</strong></span> <span class='ocrx_word' id='word_1_34' title='bbox 421 1269 501 1331; x_wconf 83' lang='lat' dir='ltr'><strong>crgo</strong></span> <span class='ocrx_word' id='word_1_35' title='bbox 523 1268 696 1331; x_wconf 87' lang='lat' dir='ltr'><strong>quaerens,</strong></span> <span class='ocrx_word' id='word_1_36' title='bbox 722 1246 844 1331; x_wconf 84' lang='lat' dir='ltr'><strong>aliquot</strong></span> <span class='ocrx_word' id='word_1_37' title='bbox 864 1245 1013 1310; x_wconf 77' lang='lat' dir='ltr'><strong>lustravit</strong></span> <span class='ocrx_word' id='word_1_38' title='bbox 1033 1248 1163 1322; x_wconf 89' lang='lat' dir='ltr'><strong>domus,</strong></span> 
     </span>
     <span class='ocr_line' id='line_1_9' title="bbox 286 1350 1123 1434; baseline -0.002 -20"><span class='ocrx_word' id='word_1_39' title='bbox 286 1354 490 1434; x_wconf 85' lang='lat' dir='ltr'><strong>Tandemque</strong></span> <span class='ocrx_word' id='word_1_40' title='bbox 512 1350 646 1426; x_wconf 87' lang='lat' dir='ltr'><strong>invenit,</strong></span> <span class='ocrx_word' id='word_1_41' title='bbox 671 1350 726 1412; x_wconf 87' lang='lat' dir='ltr'><strong>ubi</strong></span> <span class='ocrx_word' id='word_1_42' title='bbox 746 1351 905 1412; x_wconf 86' lang='lat' dir='ltr'><strong>lucernam</strong></span> <span class='ocrx_word' id='word_1_43' title='bbox 927 1351 1123 1412; x_wconf 88' lang='lat' dir='ltr'><strong>accenderet.</strong></span> 
     </span>
     <span class='ocr_line' id='line_1_10' title="bbox 286 1441 1280 1536; baseline 0.003 -20"><span class='ocrx_word' id='word_1_44' title='bbox 286 1457 368 1516; x_wconf 87' lang='lat' dir='ltr'><strong>Tum</strong></span> <span class='ocrx_word' id='word_1_45' title='bbox 392 1453 564 1516; x_wconf 89' lang='lat' dir='ltr'><strong>circueunti</strong></span> <span class='ocrx_word' id='word_1_46' title='bbox 586 1454 690 1517; x_wconf 67' lang='lat' dir='ltr'><strong>fluerat</strong></span> <span class='ocrx_word' id='word_1_47' title='bbox 712 1455 797 1536; x_wconf 90' lang='lat' dir='ltr'><strong>quod</strong></span> <span class='ocrx_word' id='word_1_48' title='bbox 818 1451 878 1515; x_wconf 89' lang='lat' dir='ltr'><strong>iter</strong></span> <span class='ocrx_word' id='word_1_49' title='bbox 894 1451 1046 1536; x_wconf 83' lang='lat' dir='ltr'><strong>longius,</strong></span> <span class='ocrx_word' id='word_1_50' title='bbox 1124 1441 1127 1445; x_wconf 25' lang='lat'><strong>²</strong></span> <span class='ocrx_word' id='word_1_51' title='bbox 1260 1458 1280 1519; x_wconf 85' lang='lat'>5</span> 
     </span>
     <span class='ocr_line' id='line_1_11' title="bbox 285 1555 1044 1638; baseline -0.004 -19"><span class='ocrx_word' id='word_1_52' title='bbox 285 1555 404 1619; x_wconf 84' lang='lat' dir='ltr'><strong>Effecit</strong></span> <span class='ocrx_word' id='word_1_53' title='bbox 426 1557 573 1620; x_wconf 83' lang='lat' dir='ltr'><strong>brevius:</strong></span> <span class='ocrx_word' id='word_1_54' title='bbox 598 1576 733 1638; x_wconf 85' lang='lat' dir='ltr'><strong>namque</strong></span> <span class='ocrx_word' id='word_1_55' title='bbox 754 1567 840 1618; x_wconf 89' lang='lat' dir='ltr'><strong>recta</strong></span> <span class='ocrx_word' id='word_1_56' title='bbox 862 1556 1044 1636; x_wconf 81' lang='lat' dir='ltr'><strong>pensorum</strong></span> 
     </span>
     <span class='ocr_line' id='line_1_12' title="bbox 286 1652 1122 1743; baseline 0.001 -21"><span class='ocrx_word' id='word_1_57' title='bbox 286 1657 405 1741; x_wconf 81' lang='lat' dir='ltr'><strong>Coepit</strong></span> <span class='ocrx_word' id='word_1_58' title='bbox 426 1652 545 1723; x_wconf 72' lang='lat' dir='ltr'><strong>redito.</strong></span> <span class='ocrx_word' id='word_1_59' title='bbox 590 1658 635 1722; x_wconf 88' lang='lat' dir='ltr'><strong>Et</strong></span> <span class='ocrx_word' id='word_1_60' title='bbox 657 1656 781 1743; x_wconf 86' lang='lat' dir='ltr'><strong>quidam</strong></span> <span class='ocrx_word' id='word_1_61' title='bbox 802 1679 819 1720; x_wconf 90' lang='lat' dir='ltr'><strong>e</strong></span> <span class='ocrx_word' id='word_1_62' title='bbox 841 1659 933 1721; x_wconf 87' lang='lat' dir='ltr'><strong>turba</strong></span> <span class='ocrx_word' id='word_1_63' title='bbox 955 1659 1122 1740; x_wconf 84' lang='lat' dir='ltr'><strong>garrulus:</strong></span> 
     </span>
     <span class='ocr_line' id='line_1_13' title="bbox 287 1759 1008 1844; baseline -0.003 -19"><span class='ocrx_word' id='word_1_64' title='bbox 287 1762 436 1844; x_wconf 81' lang='lat' dir='ltr'><strong>Aesopo,</strong></span> <span class='ocrx_word' id='word_1_65' title='bbox 463 1761 565 1825; x_wconf 91' lang='lat' dir='ltr'><strong>medio</strong></span> <span class='ocrx_word' id='word_1_66' title='bbox 587 1763 662 1825; x_wconf 83' lang='lat' dir='ltr'><strong>sole&#39;</strong></span> <span class='ocrx_word' id='word_1_67' title='bbox 680 1759 756 1844; x_wconf 91' lang='lat' dir='ltr'><strong>qnid</strong></span> <span class='ocrx_word' id='word_1_68' title='bbox 777 1781 847 1823; x_wconf 89' lang='lat' dir='ltr'><strong>cum</strong></span> <span class='ocrx_word' id='word_1_69' title='bbox 869 1760 1008 1825; x_wconf 81' lang='lat' dir='ltr'><strong>lumine?</strong></span> 
     </span>
     <span class='ocr_line' id='line_1_14' title="bbox 284 1863 1257 1949; baseline 0.003 -22"><span class='ocrx_word' id='word_1_70' title='bbox 284 1864 470 1940; x_wconf 83' lang='lat' dir='ltr'><strong>Hominem,</strong></span> <span class='ocrx_word' id='word_1_71' title='bbox 495 1863 614 1948; x_wconf 90' lang='lat' dir='ltr'><strong>inquit,</strong></span> <span class='ocrx_word' id='word_1_72' title='bbox 640 1885 778 1949; x_wconf 87' lang='lat' dir='ltr'><strong>quaero,</strong></span> <span class='ocrx_word' id='word_1_73' title='bbox 800 1874 831 1925; x_wconf 90' lang='lat' dir='ltr'><strong>et</strong></span> <span class='ocrx_word' id='word_1_74' title='bbox 853 1864 928 1926; x_wconf 88' lang='lat' dir='ltr'><strong>abiit</strong></span> <span class='ocrx_word' id='word_1_75' title='bbox 949 1863 1098 1927; x_wconf 82' lang='lat' dir='ltr'><strong>festinans</strong></span> <span class='ocrx_word' id='word_1_76' title='bbox 1118 1866 1257 1930; x_wconf 87' lang='lat' dir='ltr'><strong>domum.</strong></span> 
     </span>
     <span class='ocr_line' id='line_1_15' title="bbox 286 1954 1282 2045; baseline 0.004 -16"><span class='ocrx_word' id='word_1_77' title='bbox 286 1968 362 2030; x_wconf 90' lang='lat' dir='ltr'><strong>Hoc</strong></span> <span class='ocrx_word' id='word_1_78' title='bbox 383 1954 410 2045; x_wconf 86' lang='lat' dir='ltr'><strong>si</strong></span> <span class='ocrx_word' id='word_1_79' title='bbox 432 1967 584 2030; x_wconf 85' lang='lat' dir='ltr'><strong>molestus</strong></span> <span class='ocrx_word' id='word_1_80' title='bbox 605 1967 659 2029; x_wconf 86' lang='lat' dir='ltr'><strong>itte</strong></span> <span class='ocrx_word' id='word_1_81' title='bbox 681 1970 720 2029; x_wconf 91' lang='lat' dir='ltr'><strong>ad</strong></span> <span class='ocrx_word' id='word_1_82' title='bbox 743 1964 876 2029; x_wconf 90' lang='lat' dir='ltr'><strong>animum</strong></span> <span class='ocrx_word' id='word_1_83' title='bbox 898 1963 1037 2045; x_wconf 86' lang='lat' dir='ltr'><strong>rettulit,</strong></span> <span class='ocrx_word' id='word_1_84' title='bbox 1240 1975 1282 2033; x_wconf 80' lang='lat'><strong>10</strong></span> 
     </span>
     <span class='ocr_line' id='line_1_16' title="bbox 256 2068 1111 2151; baseline -0.002 -14"><span class='ocrx_word' id='word_1_85' title='bbox 256 2112 263 2137; x_wconf 68' lang='grc' dir='ltr'>ι</span> <span class='ocrx_word' id='word_1_86' title='bbox 285 2069 390 2133; x_wconf 79' lang='lat' dir='ltr'><strong>Sensit</strong></span> <span class='ocrx_word' id='word_1_87' title='bbox 410 2070 560 2151; x_wconf 87' lang='lat' dir='ltr'><strong>profecto</strong></span> <span class='ocrx_word' id='word_1_88' title='bbox 582 2090 616 2132; x_wconf 92' lang='lat' dir='ltr'><strong>se</strong></span> <span class='ocrx_word' id='word_1_89' title='bbox 636 2068 794 2133; x_wconf 88' lang='lat' dir='ltr'><strong>hominem</strong></span> <span class='ocrx_word' id='word_1_90' title='bbox 816 2089 882 2131; x_wconf 92' lang='lat' dir='ltr'><strong>non</strong></span> <span class='ocrx_word' id='word_1_91' title='bbox 903 2068 1006 2151; x_wconf 81' lang='lat' dir='ltr'><strong>visum</strong></span> <span class='ocrx_word' id='word_1_92' title='bbox 1027 2071 1111 2149; x_wconf 88' lang='lat' dir='ltr'><strong>seni,</strong></span> 
     </span>
     <span class='ocr_line' id='line_1_17' title="bbox 288 2171 956 2257; baseline 0.001 -22"><span class='ocrx_word' id='word_1_93' title='bbox 288 2172 514 2256; x_wconf 79' lang='lat' dir='ltr'><strong>Intempestive</strong></span> <span class='ocrx_word' id='word_1_94' title='bbox 536 2172 592 2257; x_wconf 90' lang='lat' dir='ltr'><strong>qui</strong></span> <span class='ocrx_word' id='word_1_95' title='bbox 614 2184 772 2255; x_wconf 87' lang='lat' dir='ltr'><strong>occupato</strong></span> <span class='ocrx_word' id='word_1_96' title='bbox 795 2171 956 2236; x_wconf 80' lang='lat' dir='ltr'><strong>adlucerit.</strong></span> 
     </span>
    </p>
   </div>
   <div class='ocr_carea' id='block_1_5' title="bbox 688 2332 873 2355">
    <p class='ocr_par' dir='ltr' id='par_1_5' title="bbox 688 2332 873 2355">
     <span class='ocr_line' id='line_1_18' title="bbox 688 2332 873 2355; baseline 0.005 -1"><span class='ocrx_word' id='word_1_97' title='bbox 688 2332 873 2355; x_wconf 52' lang='lat' dir='ltr'><strong>...u-...ada</strong></span> 
     </span>
    </p>
   </div>
   <div class='ocr_carea' id='block_1_6' title="bbox 535 2472 1025 2576">
    <p class='ocr_par' dir='ltr' id='par_1_6' title="bbox 535 2472 1025 2576">
     <span class='ocr_line' id='line_1_19' title="bbox 535 2472 1025 2576; baseline -0.002 -26"><span class='ocrx_word' id='word_1_98' title='bbox 535 2473 712 2550; x_wconf 75' lang='lat' dir='ltr'><strong>muna</strong></span> <span class='ocrx_word' id='word_1_99' title='bbox 738 2472 1025 2576; x_wconf 71' lang='lat' dir='ltr'><strong>Quantus,</strong></span> 
     </span>
    </p>
   </div>
   <div class='ocr_carea' id='block_1_7' title="bbox 692 2649 877 2664">
    <p class='ocr_par' dir='ltr' id='par_1_7' title="bbox 692 2649 877 2664">
     <span class='ocr_line' id='line_1_20' title="bbox 692 2649 877 2664; baseline 0 -1"><span class='ocrx_word' id='word_1_100' title='bbox 692 2649 877 2664; x_wconf 51' lang='grc' dir='ltr'><strong>ψ</strong></span> 
     </span>
    </p>
   </div>
   <div class='ocr_carea' id='block_1_8' title="bbox 702 2763 863 2826">
    <p class='ocr_par' dir='ltr' id='par_1_8' title="bbox 702 2763 863 2826">
     <span class='ocr_line' id='line_1_21' title="bbox 702 2763 863 2826; baseline -0.006 -13"><span class='ocrx_word' id='word_1_101' title='bbox 702 2763 801 2826; x_wconf 78' lang='lat' dir='ltr'><strong>[nau.</strong></span> <span class='ocrx_word' id='word_1_102' title='bbox 822 2765 863 2826; x_wconf 82' lang='lat' dir='ltr'><strong>u]</strong></span> 
     </span>
    </p>
   </div>
   <div class='ocr_carea' id='block_1_9' title="bbox 566 2914 996 2979">
    <p class='ocr_par' dir='ltr' id='par_1_9' title="bbox 566 2914 996 2979">
     <span class='ocr_line' id='line_1_22' title="bbox 566 2914 996 2979; baseline 0.002 -2"><span class='ocrx_word' id='word_1_103' title='bbox 566 2914 729 2979; x_wconf 78' lang='lat' dir='ltr'><strong>Aslttus</strong></span> <span class='ocrx_word' id='word_1_104' title='bbox 752 2916 814 2978; x_wconf 84' lang='lat' dir='ltr'><strong>ET</strong></span> <span class='ocrx_word' id='word_1_105' title='bbox 838 2914 996 2979; x_wconf 87' lang='lat' dir='ltr'><strong>GALLI.</strong></span> 
     </span>
    </p>
   </div>
   <div class='ocr_carea' id='block_1_10' title="bbox 285 3028 1126 3247">
    <p class='ocr_par' dir='ltr' id='par_1_10' title="bbox 285 3028 1126 3247">
     <span class='ocr_line' id='line_1_23' title="bbox 328 3028 1050 3136; baseline 0.011 -19"><span class='ocrx_word' id='word_1_106' title='bbox 328 3054 391 3136; x_wconf 83' lang='lat' dir='ltr'><strong>Qui</strong></span> <span class='ocrx_word' id='word_1_107' title='bbox 413 3067 502 3117; x_wconf 89' lang='lat' dir='ltr'><strong>natus</strong></span> <span class='ocrx_word' id='word_1_108' title='bbox 526 3067 572 3118; x_wconf 90' lang='lat' dir='ltr'><strong>est</strong></span> <span class='ocrx_word' id='word_1_109' title='bbox 594 3028 724 3131; x_wconf 84' lang='lat' dir='ltr'><strong>infelix,</strong></span> <span class='ocrx_word' id='word_1_110' title='bbox 748 3076 813 3118; x_wconf 89' lang='lat' dir='ltr'><strong>non</strong></span> <span class='ocrx_word' id='word_1_111' title='bbox 838 3055 931 3119; x_wconf 89' lang='lat' dir='ltr'><strong>vitam</strong></span> <span class='ocrx_word' id='word_1_112' title='bbox 953 3060 1050 3125; x_wconf 89' lang='lat' dir='ltr'><strong>modo</strong></span> 
     </span>
     <span class='ocr_line' id='line_1_24' title="bbox 285 3154 1126 3247; baseline 0.006 -25"><span class='ocrx_word' id='word_1_113' title='bbox 285 3160 423 3223; x_wconf 84' lang='lat' dir='ltr'><strong>Tristem</strong></span> <span class='ocrx_word' id='word_1_114' title='bbox 446 3160 601 3237; x_wconf 81' lang='lat' dir='ltr'><strong>decurrit,</strong></span> <span class='ocrx_word' id='word_1_115' title='bbox 627 3179 736 3233; x_wconf 76' lang='lat' dir='ltr'><strong>verium</strong></span> <span class='ocrx_word' id='word_1_116' title='bbox 757 3169 833 3241; x_wconf 89' lang='lat' dir='ltr'><strong>post</strong></span> <span class='ocrx_word' id='word_1_117' title='bbox 854 3159 975 3223; x_wconf 89' lang='lat' dir='ltr'><strong>obitum</strong></span> <span class='ocrx_word' id='word_1_118' title='bbox 997 3154 1126 3247; x_wconf 84' lang='lat' dir='ltr'><strong>qnoque</strong></span> 
     </span>
    </p>
   </div>
   <div class='ocr_carea' id='block_1_11' title="bbox 231 3356 1280 4103">
    <p class='ocr_par' dir='ltr' id='par_1_11' title="bbox 231 3356 1278 3562">
     <span class='ocr_line' id='line_1_25' title="bbox 231 3356 1278 3422; baseline 0.004 -17"><span class='ocrx_word' id='word_1_119' title='bbox 231 3417 236 3421; x_wconf 25' lang='lat'>⁸</span> <span class='ocrx_word' id='word_1_120' title='bbox 285 3374 370 3405; x_wconf 83' lang='lat' dir='ltr'><strong>omncs</strong></span> <span class='ocrx_word' id='word_1_121' title='bbox 391 3356 478 3422; x_wconf 80' lang='lat' dir='ltr'><strong>quas.)</strong></span> <span class='ocrx_word' id='word_1_122' title='bbox 503 3362 567 3407; x_wconf 84' lang='lat' dir='ltr'><strong>Zell.</strong></span> <span class='ocrx_word' id='word_1_123' title='bbox 591 3381 624 3396; x_wconf 56' lang='grc' dir='ltr'><strong>ι·</strong></span> <span class='ocrx_word' id='word_1_124' title='bbox 648 3358 741 3406; x_wconf 75' lang='lat' dir='ltr'><strong>Omnes</strong></span> <span class='ocrx_word' id='word_1_125' title='bbox 768 3371 830 3420; x_wconf 83' lang='lat' dir='ltr'><strong>quoe</strong></span> <span class='ocrx_word' id='word_1_126' title='bbox 854 3375 878 3418; x_wconf 83' lang='lat' dir='ltr'><strong>p.</strong></span> <span class='ocrx_word' id='word_1_127' title='bbox 897 3364 923 3406; x_wconf 84' lang='lat' dir='ltr'><strong>S.</strong></span> <span class='ocrx_word' id='word_1_128' title='bbox 943 3361 985 3417; x_wconf 87' lang='lat'><strong>(-</strong></span> <span class='ocrx_word' id='word_1_129' title='bbox 1000 3365 1100 3422; x_wconf 77' lang='lat' dir='ltr'><strong>propiis</strong></span> <span class='ocrx_word' id='word_1_130' title='bbox 1117 3364 1157 3421; x_wconf 94' lang='grc' dir='ltr'><strong>Ρ.)</strong></span> <span class='ocrx_word' id='word_1_131' title='bbox 1191 3363 1278 3420; x_wconf 71' lang='lat' dir='ltr'><strong>(thid.)</strong></span> 
     </span>
     <span class='ocr_line' id='line_1_26' title="bbox 286 3429 1277 3496; baseline 0.006 -22"><span class='ocrx_word' id='word_1_132' title='bbox 286 3429 394 3489; x_wconf 73' lang='lat' dir='ltr'><strong>dotibus]</strong></span> <span class='ocrx_word' id='word_1_133' title='bbox 426 3430 456 3496; x_wconf 47' lang='grc' dir='ltr'><strong>Ν)</strong></span> <span class='ocrx_word' id='word_1_134' title='bbox 476 3429 573 3476; x_wconf 81' lang='lat' dir='ltr'><strong>firinans</strong></span> <span class='ocrx_word' id='word_1_135' title='bbox 600 3432 692 3476; x_wconf 83' lang='lat' dir='ltr'><strong>Heinsii</strong></span> <span class='ocrx_word' id='word_1_136' title='bbox 713 3432 777 3476; x_wconf 85' lang='lat' dir='ltr'><strong>coni.</strong></span> <span class='ocrx_word' id='word_1_137' title='bbox 796 3432 822 3476; x_wconf 82' lang='lat' dir='ltr'><strong>S.</strong></span> <span class='ocrx_word' id='word_1_138' title='bbox 841 3453 880 3467; x_wconf 91' lang='lat'><strong>·-</strong></span> <span class='ocrx_word' id='word_1_139' title='bbox 896 3433 995 3477; x_wconf 78' lang='lat' dir='ltr'><strong>occidus</strong></span> <span class='ocrx_word' id='word_1_140' title='bbox 1014 3434 1043 3478; x_wconf 88' lang='lat' dir='ltr'><strong>P.</strong></span> <span class='ocrx_word' id='word_1_141' title='bbox 1064 3435 1094 3480; x_wconf 81' lang='lat' dir='ltr'><strong>tt.</strong></span> <span class='ocrx_word' id='word_1_142' title='bbox 1111 3448 1135 3489; x_wconf 91' lang='lat' dir='ltr'><strong>p.</strong></span> <span class='ocrx_word' id='word_1_143' title='bbox 1172 3431 1224 3491; x_wconf 77' lang='lat'>(15)</span> <span class='ocrx_word' id='word_1_144' title='bbox 1244 3453 1277 3470; x_wconf 70' lang='lat'><strong>-2</strong></span> 
     </span>
     <span class='ocr_line' id='line_1_27' title="bbox 286 3499 1278 3562; baseline 0.007 -18"><span class='ocrx_word' id='word_1_145' title='bbox 286 3499 399 3545; x_wconf 76' lang='lat' dir='ltr'><strong>reccidat</strong></span> <span class='ocrx_word' id='word_1_146' title='bbox 420 3500 451 3546; x_wconf 89' lang='lat' dir='ltr'><strong>P.</strong></span> <span class='ocrx_word' id='word_1_147' title='bbox 478 3515 493 3544; x_wconf 82' lang='lat' dir='ltr'><strong>a</strong></span> <span class='ocrx_word' id='word_1_148' title='bbox 519 3515 556 3556; x_wconf 87' lang='lat' dir='ltr'><strong>pr.</strong></span> <span class='ocrx_word' id='word_1_149' title='bbox 578 3514 612 3545; x_wconf 87' lang='lat' dir='ltr'><strong>m.</strong></span> <span class='ocrx_word' id='word_1_150' title='bbox 637 3502 776 3546; x_wconf 73' lang='lat' dir='ltr'><strong>Salmasius.</strong></span> <span class='ocrx_word' id='word_1_151' title='bbox 806 3502 870 3554; x_wconf 90' lang='lat' dir='ltr'><strong>(Non</strong></span> <span class='ocrx_word' id='word_1_152' title='bbox 896 3502 975 3548; x_wconf 76' lang='lat' dir='ltr'><strong>domu</strong></span> <span class='ocrx_word' id='word_1_153' title='bbox 992 3501 1118 3562; x_wconf 79' lang='lat' dir='ltr'><strong>(Dorvlll.)</strong></span> <span class='ocrx_word' id='word_1_154' title='bbox 1136 3507 1191 3559; x_wconf 84' lang='lat' dir='ltr'><strong>scd,</strong></span> <span class='ocrx_word' id='word_1_155' title='bbox 1217 3510 1278 3551; x_wconf 85' lang='lat' dir='ltr'><strong>teste</strong></span> 
     </span>
    </p>

    <p class='ocr_par' dir='ltr' id='par_1_12' title="bbox 286 3568 1280 4050">
     <span class='ocr_line' id='line_1_28' title="bbox 286 3568 1067 3634; baseline 0.004 -20"><span class='ocrx_word' id='word_1_156' title='bbox 286 3570 355 3614; x_wconf 73' lang='lat' dir='ltr'><strong>leun.</strong></span> <span class='ocrx_word' id='word_1_157' title='bbox 374 3568 463 3614; x_wconf 76' lang='lat' dir='ltr'><strong>deluso</strong></span> <span class='ocrx_word' id='word_1_158' title='bbox 480 3569 551 3615; x_wconf 84' lang='lat' dir='ltr'><strong>habet</strong></span> <span class='ocrx_word' id='word_1_159' title='bbox 569 3572 639 3615; x_wconf 84' lang='lat' dir='ltr'><strong>etiam</strong></span> <span class='ocrx_word' id='word_1_160' title='bbox 657 3571 699 3625; x_wconf 88' lang='lat' dir='ltr'><strong>N.)</strong></span> <span class='ocrx_word' id='word_1_161' title='bbox 1063 3626 1067 3634; x_wconf 27' lang='lat'>⁸</span> 
     </span>
     <span class='ocr_line' id='line_1_29' title="bbox 339 3636 1279 3699; baseline 0.005 -16"><span class='ocrx_word' id='word_1_162' title='bbox 339 3639 399 3684; x_wconf 79' lang='lat' dir='ltr'><strong>Fas.</strong></span> <span class='ocrx_word' id='word_1_163' title='bbox 418 3636 490 3687; x_wconf 74' lang='lat' dir='ltr'><strong>XIX.</strong></span> <span class='ocrx_word' id='word_1_164' title='bbox 528 3638 567 3698; x_wconf 87' lang='lat' dir='ltr'><strong>(t)</strong></span> <span class='ocrx_word' id='word_1_165' title='bbox 585 3662 618 3674; x_wconf 90' lang='lat'><strong>-—</strong></span> <span class='ocrx_word' id='word_1_166' title='bbox 636 3654 710 3699; x_wconf 80' lang='lat' dir='ltr'><strong>quum</strong></span> <span class='ocrx_word' id='word_1_167' title='bbox 730 3646 797 3684; x_wconf 78' lang='lat' dir='ltr'><strong>essct</strong></span> <span class='ocrx_word' id='word_1_168' title='bbox 810 3642 879 3685; x_wconf 80' lang='lat' dir='ltr'><strong>solus</strong></span> <span class='ocrx_word' id='word_1_169' title='bbox 899 3640 931 3687; x_wconf 87' lang='lat' dir='ltr'><strong>N.</strong></span> <span class='ocrx_word' id='word_1_170' title='bbox 950 3642 1050 3688; x_wconf 81' lang='lat' dir='ltr'><strong>Latlsm.</strong></span> <span class='ocrx_word' id='word_1_171' title='bbox 1068 3644 1138 3688; x_wconf 79' lang='lat' dir='ltr'><strong>Brut.</strong></span> <span class='ocrx_word' id='word_1_172' title='bbox 1180 3639 1218 3699; x_wconf 74' lang='lat'><strong>(3)</strong></span> <span class='ocrx_word' id='word_1_173' title='bbox 1236 3642 1279 3688; x_wconf 84' lang='lat' dir='ltr'><strong>do·</strong></span> 
     </span>
     <span class='ocr_line' id='line_1_30' title="bbox 287 3706 1279 3770; baseline 0.002 -16"><span class='ocrx_word' id='word_1_174' title='bbox 287 3706 355 3767; x_wconf 77' lang='lat' dir='ltr'><strong>mut]</strong></span> <span class='ocrx_word' id='word_1_175' title='bbox 372 3709 402 3754; x_wconf 89' lang='lat' dir='ltr'><strong>P.</strong></span> <span class='ocrx_word' id='word_1_176' title='bbox 421 3709 451 3754; x_wconf 77' lang='lat' dir='ltr'><strong>lt.</strong></span> <span class='ocrx_word' id='word_1_177' title='bbox 474 3723 498 3764; x_wconf 86' lang='lat' dir='ltr'><strong>p.</strong></span> <span class='ocrx_word' id='word_1_178' title='bbox 520 3720 551 3752; x_wconf 92' lang='lat'>=</span> <span class='ocrx_word' id='word_1_179' title='bbox 572 3708 656 3754; x_wconf 77' lang='lat' dir='ltr'><strong>domos</strong></span> <span class='ocrx_word' id='word_1_180' title='bbox 680 3711 705 3754; x_wconf 88' lang='lat' dir='ltr'><strong>S.</strong></span> <span class='ocrx_word' id='word_1_181' title='bbox 725 3730 758 3745; x_wconf 75' lang='lat'><strong>-</strong></span> <span class='ocrx_word' id='word_1_182' title='bbox 776 3710 861 3755; x_wconf 74' lang='lat' dir='ltr'><strong>donnus</strong></span> <span class='ocrx_word' id='word_1_183' title='bbox 878 3713 972 3770; x_wconf 75' lang='lat' dir='ltr'><strong>aliquot</strong></span> <span class='ocrx_word' id='word_1_184' title='bbox 988 3713 1105 3757; x_wconf 75' lang='lat' dir='ltr'><strong>lustravit</strong></span> <span class='ocrx_word' id='word_1_185' title='bbox 1122 3713 1153 3758; x_wconf 90' lang='lat' dir='ltr'><strong>N.</strong></span> <span class='ocrx_word' id='word_1_186' title='bbox 1189 3710 1228 3767; x_wconf 75' lang='lat' dir='ltr'><strong>(d)</strong></span> <span class='ocrx_word' id='word_1_187' title='bbox 1245 3731 1279 3748; x_wconf 55' lang='grc' dir='ltr'><strong>-ι</strong></span> 
     </span>
     <span class='ocr_line' id='line_1_31' title="bbox 288 3771 1277 3837; baseline 0.005 -14"><span class='ocrx_word' id='word_1_188' title='bbox 288 3778 438 3823; x_wconf 76' lang='lat' dir='ltr'><strong>accenderet</strong></span> <span class='ocrx_word' id='word_1_189' title='bbox 453 3792 478 3837; x_wconf 71' lang='lat'><strong>5.</strong></span> <span class='ocrx_word' id='word_1_190' title='bbox 523 3777 561 3835; x_wconf 87' lang='grc'><strong>(5)</strong></span> <span class='ocrx_word' id='word_1_191' title='bbox 584 3771 740 3837; x_wconf 64' lang='lat' dir='ltr'><strong>recensenti}</strong></span> <span class='ocrx_word' id='word_1_192' title='bbox 758 3780 840 3825; x_wconf 81' lang='lat' dir='ltr'><strong>Burin.</strong></span> <span class='ocrx_word' id='word_1_193' title='bbox 861 3782 886 3824; x_wconf 84' lang='lat' dir='ltr'><strong>S.</strong></span> <span class='ocrx_word' id='word_1_194' title='bbox 908 3792 939 3824; x_wconf 89' lang='lat'>=</span> <span class='ocrx_word' id='word_1_195' title='bbox 960 3782 1124 3827; x_wconf 76' lang='lat' dir='ltr'><strong>circumeunti</strong></span> <span class='ocrx_word' id='word_1_196' title='bbox 1147 3782 1176 3827; x_wconf 88' lang='grc' dir='ltr'><strong>Ρ.</strong></span> <span class='ocrx_word' id='word_1_197' title='bbox 1195 3781 1224 3826; x_wconf 80' lang='lat' dir='ltr'><strong>lt.</strong></span> <span class='ocrx_word' id='word_1_198' title='bbox 1246 3783 1277 3828; x_wconf 87' lang='lat' dir='ltr'><strong>N.</strong></span> 
     </span>
     <span class='ocr_line' id='line_1_32' title="bbox 288 3846 1279 3921; baseline 0.003 -28"><span class='ocrx_word' id='word_1_199' title='bbox 288 3862 314 3906; x_wconf 87' lang='lat' dir='ltr'><strong>p.</strong></span> <span class='ocrx_word' id='word_1_200' title='bbox 351 3846 392 3906; x_wconf 81' lang='lat'><strong>(7)</strong></span> <span class='ocrx_word' id='word_1_201' title='bbox 415 3847 507 3905; x_wconf 78' lang='lat' dir='ltr'><strong>redire.</strong></span> <span class='ocrx_word' id='word_1_202' title='bbox 543 3846 576 3892; x_wconf 83' lang='lat' dir='ltr'><strong>Et</strong></span> <span class='ocrx_word' id='word_1_203' title='bbox 596 3848 696 3921; x_wconf 67' lang='lat' dir='ltr'><strong>quidam</strong></span> <span class='ocrx_word' id='word_1_204' title='bbox 717 3848 741 3908; x_wconf 84' lang='lat' dir='ltr'><strong>e]</strong></span> <span class='ocrx_word' id='word_1_205' title='bbox 759 3864 783 3905; x_wconf 88' lang='lat' dir='ltr'><strong>p.</strong></span> <span class='ocrx_word' id='word_1_206' title='bbox 808 3851 833 3894; x_wconf 87' lang='lat' dir='ltr'><strong>S.</strong></span> <span class='ocrx_word' id='word_1_207' title='bbox 854 3868 886 3883; x_wconf 77' lang='grc'><strong>-·</strong></span> <span class='ocrx_word' id='word_1_208' title='bbox 909 3849 1001 3900; x_wconf 77' lang='lat' dir='ltr'><strong>redire.</strong></span> <span class='ocrx_word' id='word_1_209' title='bbox 1037 3850 1144 3913; x_wconf 82' lang='lat' dir='ltr'><strong>Quidum</strong></span> <span class='ocrx_word' id='word_1_210' title='bbox 1162 3866 1175 3894; x_wconf 82' lang='lat' dir='ltr'><strong>c</strong></span> <span class='ocrx_word' id='word_1_211' title='bbox 1194 3850 1225 3896; x_wconf 87' lang='lat' dir='ltr'><strong>N.</strong></span> <span class='ocrx_word' id='word_1_212' title='bbox 1245 3877 1279 3887; x_wconf 93' lang='lat'>-</span> 
     </span>
     <span class='ocr_line' id='line_1_33' title="bbox 288 3916 1278 3980; baseline 0.003 -16"><span class='ocrx_word' id='word_1_213' title='bbox 288 3918 381 3964; x_wconf 81' lang='lat' dir='ltr'><strong>redire.</strong></span> <span class='ocrx_word' id='word_1_214' title='bbox 417 3916 451 3963; x_wconf 82' lang='lat' dir='ltr'><strong>Et</strong></span> <span class='ocrx_word' id='word_1_215' title='bbox 468 3917 566 3978; x_wconf 82' lang='lat' dir='ltr'><strong>quidem</strong></span> <span class='ocrx_word' id='word_1_216' title='bbox 582 3925 620 3963; x_wconf 78' lang='lat' dir='ltr'><strong>est</strong></span> <span class='ocrx_word' id='word_1_217' title='bbox 636 3920 665 3964; x_wconf 90' lang='lat' dir='ltr'><strong>P.</strong></span> <span class='ocrx_word' id='word_1_218' title='bbox 690 3925 752 3964; x_wconf 84' lang='lat' dir='ltr'><strong>teste</strong></span> <span class='ocrx_word' id='word_1_219' title='bbox 770 3920 843 3979; x_wconf 70' lang='lat' dir='ltr'><strong>Bsrg.</strong></span> <span class='ocrx_word' id='word_1_220' title='bbox 892 3918 930 3975; x_wconf 84' lang='grc'><strong>(8)</strong></span> <span class='ocrx_word' id='word_1_221' title='bbox 949 3920 1009 3980; x_wconf 74' lang='lat' dir='ltr'><strong>quid</strong></span> <span class='ocrx_word' id='word_1_222' title='bbox 1023 3916 1092 3980; x_wconf 80' lang='lat' dir='ltr'><strong>eum]</strong></span> <span class='ocrx_word' id='word_1_223' title='bbox 1109 3922 1138 3967; x_wconf 90' lang='lat' dir='ltr'><strong>N.</strong></span> <span class='ocrx_word' id='word_1_224' title='bbox 1158 3922 1278 3980; x_wconf 64' lang='lat' dir='ltr'><strong>Bospars.</strong></span> 
     </span>
     <span class='ocr_line' id='line_1_34' title="bbox 288 3986 1280 4050; baseline 0.001 -15"><span class='ocrx_word' id='word_1_225' title='bbox 288 3990 314 4035; x_wconf 78' lang='lat'><strong>8.</strong></span> <span class='ocrx_word' id='word_1_226' title='bbox 333 4010 368 4031; x_wconf 73' lang='lat' dir='ltr'><strong>a·</strong></span> <span class='ocrx_word' id='word_1_227' title='bbox 384 3989 446 4050; x_wconf 67' lang='lat' dir='ltr'><strong>quid</strong></span> <span class='ocrx_word' id='word_1_228' title='bbox 461 3995 488 4035; x_wconf 82' lang='lat' dir='ltr'><strong>tu</strong></span> <span class='ocrx_word' id='word_1_229' title='bbox 506 4002 562 4034; x_wconf 78' lang='lat' dir='ltr'><strong>curn</strong></span> <span class='ocrx_word' id='word_1_230' title='bbox 578 3989 609 4034; x_wconf 91' lang='lat' dir='ltr'><strong>P.</strong></span> <span class='ocrx_word' id='word_1_231' title='bbox 631 3989 662 4035; x_wconf 84' lang='lat' dir='ltr'><strong>ll.</strong></span> <span class='ocrx_word' id='word_1_232' title='bbox 682 4003 706 4045; x_wconf 84' lang='lat' dir='ltr'><strong>p.</strong></span> <span class='ocrx_word' id='word_1_233' title='bbox 749 3987 788 4045; x_wconf 78' lang='grc'><strong>(9)</strong></span> <span class='ocrx_word' id='word_1_234' title='bbox 806 3986 880 4047; x_wconf 71' lang='lat' dir='ltr'><strong>abitt]</strong></span> <span class='ocrx_word' id='word_1_235' title='bbox 895 3990 1011 4037; x_wconf 80' lang='lat' dir='ltr'><strong>Rittersls.</strong></span> <span class='ocrx_word' id='word_1_236' title='bbox 1031 3993 1059 4037; x_wconf 76' lang='lat' dir='ltr'><strong>S.</strong></span> <span class='ocrx_word' id='word_1_237' title='bbox 1078 4010 1111 4026; x_wconf 61' lang='grc' dir='ltr'><strong>ι·</strong></span> <span class='ocrx_word' id='word_1_238' title='bbox 1128 3990 1181 4036; x_wconf 72' lang='lat' dir='ltr'><strong>«tit</strong></span> <span class='ocrx_word' id='word_1_239' title='bbox 1196 3991 1228 4036; x_wconf 90' lang='lat' dir='ltr'><strong>P.</strong></span> <span class='ocrx_word' id='word_1_240' title='bbox 1246 3992 1280 4037; x_wconf 76' lang='lat' dir='ltr'><strong>tt.</strong></span> 
     </span>
    </p>

    <p class='ocr_par' dir='ltr' id='par_1_13' title="bbox 1032 4078 1037 4103">
     <span class='ocr_line' id='line_1_35' title="bbox 1032 4078 1037 4103; baseline 0 0"><span class='ocrx_word' id='word_1_241' title='bbox 1032 4078 1037 4103; x_wconf 82' lang='lat' dir='ltr'><strong>l</strong></span> 
     </span>
    </p>
   </div>
   <div class='ocr_carea' id='block_1_12' title="bbox 1108 4144 1113 4173">
    <p class='ocr_par' dir='ltr' id='par_1_14' title="bbox 1108 4144 1113 4173">
     <span class='ocr_line' id='line_1_36' title="bbox 1108 4144 1113 4173; baseline 0 0"><span class='ocrx_word' id='word_1_242' title='bbox 1108 4144 1113 4173; x_wconf 82' lang='lat' dir='ltr'><strong>l</strong></span> 
     </span>
    </p>
   </div>
   <div class='ocr_carea' id='block_1_13' title="bbox 0 0 1445 4626">
    <p class='ocr_par' dir='ltr' id='par_1_15' title="bbox 0 0 1445 4626">
     <span class='ocr_line' id='line_1_37' title="bbox 0 0 1445 4626; baseline 0 0"><span class='ocrx_word' id='word_1_243' title='bbox 0 0 1445 4626; x_wconf 95' lang='lat' dir='ltr'><strong> </strong></span> 
     </span>
    </p>
   </div>
  </div>
 </body>
</html>
