2864 4622
794 242 810 271 Χ

1130 327 1190 390 167
1274 346 1276 355 ¹

186 477 359 552 Pervenit,
384 487 415 538 et
437 487 555 558 qiiauto
578 473 728 537 breviore
749 475 912 552 L‘ycaonis
934 475 1055 536 Arctos

186 583 295 644 Axem
320 592 392 641 actu
413 590 564 662 torquet,
589 588 677 638 tanto
699 575 862 657 pernicior
882 576 937 639 ille

182 686 346 749 Distantes
369 703 471 745 cornu
492 693 646 762 properat
669 680 856 763 contingere
878 690 993 742 metas.

185 786 282 852 Clara
305 807 364 848 nec
387 796 435 847 est
455 784 500 847 illi
522 782 619 846 iacies
643 804 700 845 nec
722 782 825 845 sidera
847 795 1000 864 possunt,

185 888 314 955 Officiat
336 888 362 950 si
382 889 496 962 Luni,
520 907 574 948 sua
600 887 718 949 virtute
741 886 853 948 nitere.
1000 940 1003 947 .
1112 886 1193 950 230

185 995 252 1057 Sed
272 992 470 1077 quaerendus
493 989 677 1057 eritfflzouae
700 1011 718 1051 e
740 990 875 1073 regione
897 989 1041 1053 oricautis

185 1097 431 1169 Andromedae3
453 1092 527 1156 terit
549 1092 600 1155 bic
623 1093 733 1155 summi
756 1092 895 1157 divortia
919 1095 1047 1173 inuridi,

186 1201 233 1263 Ut
255 1197 392 1274 Chelae,
417 1198 552 1259 candens
575 1208 607 1257 ut
631 1198 753 1259 balteus
776 1196 922 1261 Orionis.

228 1305 290 1366 Est
311 1303 405 1365 etiam
425 1299 584 1383 propiore
608 1303 698 1362 desim
721 1320 923 1384 cognoscere
944 1300 1054 1387 signo,

185 1407 345 1471 Deltoton
365 1406 392 1468 si
414 1404 483 1488 quis
505 1434 547 1446 -
569 1405 684 1491 donum
707 1405 771 1466 boc
794 1405 969 1485 spectabile
991 1405 1057 1468 Nili
1128 1406 1190 1470 235

184 1510 348 1575 Divitibus
372 1519 557 1594 generatum
580 1505 670 1569 undis
691 1542 733 1552 -—
754 1506 785 1569 in
809 1510 882 1571 sede
905 1507 1041 1572 notabit.

186 1617 271 1678 'l‘res
294 1612 341 1675 illi
363 1612 496 1674 laterum
519 1612 652 1673 ductus:
678 1621 808 1693 aequata
832 1613 966 1673 duorum

186 1719 267 1781 Sunt
289 1715 408 1797 spatia;
431 1713 522 1777 unius
545 1713 694 1787 brevior,
719 1715 775 1775 sed
797 1714 918 1777 clarior
938 1714 1026 1800 igue.

184 1822 281 1883 Hunc
302 1818 399 1881 Aries
420 1816 525 1890 iuxta3
548 1815 682 1905 medium
705 1817 859 1880 Deltoton
883 1818 1014 1881 habebit

185 1926 274 1988 lnter
292 1919 449 2005 ‘Lanigeri
470 1931 593 2003 tergum
618 1932 649 1981 et
672 1917 834 2002 Cepheida
857 1932 1019 1984 maestam.
1127 1923 1190 1986 ato

228 2028 324 2089 Hunc
345 2026 428 2087 ultra
452 2022 570 2106 gemini
592 2023 726 2097 Pisces3
748 2044 886 2108 quorum
903 2025 983 2107 alter
1000 2025 1034 2089 iu
1049 2028 1190 2091 Austros

186 2129 321 2202 Tendit,
347 2125 531 2190 Threicium
554 2126 681 2189 Borean
704 2125 784 2208 petit
806 2127 885 2190 alter
908 2138 940 2190 et
962 2129 1049 2191 audit

186 2232 363 2299 Stridentes
385 2250 501 2305 auras,
526 2228 639 2292 niveus
663 2250 741 2313 quam
762 2242 916 2312 procreat
938 2233 1094 2297 Haemus.

185 2473 255 2533 Σῦς.
301 2472 389 2521 Cetera
406 2476 432 2515 nt
451 2485 506 2515 nos.
537 2489 571 2505 -
598 2469 665 2515 Orbe
684 2470 768 2528 spotia
783 2468 819 2516 od
830 2470 913 2535 finem
931 2485 980 2516 uon
999 2471 1099 2517 tardius
1117 2487 1192 2518 uram

186 2541 244 2601 (eie)
271 2542 301 2586 A.
330 2565 354 2574 -
376 2540 470 2586 ortis:
497 2547 522 2585 et
544 2540 579 2586 ud
595 2540 678 2604 finem
702 2541 795 2599 spatiis
825 2554 875 2586 non
902 2541 1000 2587 tardior
1026 2542 1115 2588 liorem
1138 2544 1189 2588 FP.

184 2610 262 2674 (226)
281 2618 373 2671 quanto
392 2610 513 2670 breviore]
533 2611 563 2656 Ε.
583 2609 681 2656 lirinens
697 2624 721 2670 g.
742 2612 805 2655 coni.
825 2624 847 2656 e.
867 2636 900 2646 -
918 2617 1009 2671 quanto
1031 2612 1128 2658 brevior
1149 2610 1191 2658 te-

184 2683 294 2737 licnouir
315 2681 346 2727 G.
374 2703 403 2715 -
430 2681 529 2741 quondo
554 2678 603 2740 (sie
628 2686 693 2727 certe
710 2680 792 2739 APb.)
809 2682 929 2742 graviore
943 2682 1031 2727 AFPb.
1056 2704 1082 2719 -
1100 2689 1192 2742 quanto

185 2754 304 2815 graviore
321 2766 346 2811 g.
368 2749 443 2808 (227)
461 2751 544 2796 Axem
561 2757 619 2796 ectu
636 2750 744 2811 torquet]
761 2750 859 2812 negeb.
878 2773 911 2788 ·-
927 2751 1011 2798 Aerem
1022 2759 1121 2798 ertator
1136 2758 1193 2813 quet

185 2817 248 2884 (sie)
264 2823 294 2867 A.
314 2845 339 2854 -
358 2820 440 2867 Auem
457 2823 496 2867 rel
511 2828 577 2866 tutor
589 2836 661 2882 quem
678 2823 727 2866 FP.
765 2821 852 2881 (ibid.)
862 2821 1003 2884 pernicior]
1020 2822 1140 2885 AEGgsb.
1157 2843 1193 2858 -

185 2893 287 2955 gratior
305 2891 356 2936 FP.
394 2889 466 2949 (228)
484 2890 626 2950 Dietnutee]
645 2890 780 2952 E(G.)gsb.
801 2903 833 2936 =
853 2890 983 2938 Distentis
994 2888 1076 2938 Ass(
1105 2892 1192 2950 (ibid.)
1216 2900 1248 2915 ‘⁶

187 2960 276 3022 cornu]
294 2961 442 3020 AEGFPgb.
464 2982 493 2993 -
513 2975 591 3006 cursu
609 2963 637 3006 de
656 2975 680 3021 g.
702 2963 765 3007 coni.
788 2975 807 3006 s.
846 2960 917 3016 (229)
936 2959 1013 3007 Glnro
1030 2977 1075 3008 nee
1092 2959 1192 3021 catilli]
1258 3008 1260 3012 ,

186 3033 306 3092 AEGgsb.
324 3052 359 3064 —
378 3029 539 3076 Cleruceuon
551 3032 640 3075 illicet
655 3030 705 3076 FP.
743 3026 819 3093 (230)
837 3030 939 3094 Officia!
955 3058 965 3068 ·
984 3058 994 3069 ·
1012 3031 1103 3092 nitere]
1118 3032 1192 3076 AFP·

186 3104 240 3163 μὴ.
260 3102 305 3159 (-
324 3101 400 3146 uitire
417 3100 462 3155 A.)
487 3122 516 3133 -
537 3098 640 3163 Effieint
658 3127 667 3137 -
687 3127 697 3136 -
715 3101 806 3145 niteret
828 3101 882 3146 EG.
924 3098 998 3156 (231)
1016 3126 1049 3137 -
1069 3115 1191 3162 puderen-

186 3172 246 3219 dum
260 3172 315 3218 EG.
352 3171 439 3229 (ibid.)
456 3183 534 3216 zonae
552 3185 565 3214 e
584 3169 699 3230 regione]
712 3171 751 3214 Sic
767 3171 819 3215 dedi
837 3173 865 3216 de
884 3185 908 3231 g.
928 3172 993 3219 roni.
1016 3185 1130 3217 -eonu
1144 3171 1195 3214 eri.

186 3244 263 3304 gione
281 3239 341 3300 (eie)
365 3243 395 3286 A.
428 3262 457 3274 -
487 3254 564 3285 sonae
590 3241 696 3301 regione
719 3239 772 3284 EG.
804 3264 837 3275 —
860 3243 1052 3286 :concretione
1070 3238 1191 3302 (rugen.

187 3308 266 3375 (232)
284 3335 317 3348 -
336 3313 385 3355 erit
402 3311 433 3355 A.
470 3310 554 3365 (ibid.)
577 3308 680 3369 summe]
704 3310 802 3369 EGgsb.
821 3334 854 3345 -
880 3309 958 3355 medii
974 3312 1025 3355 AF.
1048 3332 1077 3343 -
1098 3310 1194 3356 Omittit

186 3384 249 3428 bunc
268 3383 340 3427 v.1².
378 3377 451 3431 (233)
470 3381 510 3425 Sic
536 3381 631 3436 scripsi.
651 3378 818 3426 menandrus
836 3379 921 3424 autb.
941 3381 1058 3441 AFPgsb.
1079 3406 1112 3416 -
1131 3394 1193 3425 cen·
1250 3394 1253 3409 ¹

187 3452 247 3498 deut
257 3457 284 3498 ut
293 3448 316 3497 d.
327 3452 381 3497 EG.
401 3446 476 3499 ‹234›
488 3448 573 3510 tigno]
583 3450 684 3495 AFPeb.
692 3474 725 3485 -
738 3448 879 3510 motuEGg.
890 3457 1024 3497 -metcm
1034 3464 1099 3507 susp.
1119 3447 1193 3507 (235)

186 3544 225 3558 -
234 3522 334 3568 Deltoto
343 3524 371 3567 de
381 3535 405 3581 g.
418 3527 481 3565 cont.
495 3535 516 3564 s.
530 3541 559 3552 -
573 3518 673 3564 domm
681 3519 711 3565 A.
743 3516 816 3574 (236)
828 3520 986 3581 generatum]
997 3521 1096 3583 EGgsb.
1107 3541 1141 3554 -
1153 3534 1193 3564 re-

188 3598 301 3641 nerntum
309 3594 340 3638 A.
353 3617 386 3627 —
399 3597 543 3636 veneratum
553 3590 603 3634 FP.
612 3595 795 3634 -reuerctum
806 3588 878 3635 ludia
889 3590 1010 3637 Bartbine.
1025 3591 1112 3649 (ibid.)
1123 3597 1193 3635 uoto·

186 3662 233 3724 bit]
246 3662 349 3723 AEGge.
365 3685 395 3696 -
409 3662 504 3706 noterit
509 3660 537 3704 F.
548 3681 577 3692 -
588 3659 739 3705 moterith.
765 3656 837 3715 (237)
851 3671 882 3704 =
895 3659 957 3705 Tria
969 3661 1192 3708 AP.-ductorA.

187 3758 221 3771 ·-
234 3731 337 3777 deorum
346 3733 399 3779 EG.
419 3729 491 3786 (238,
503 3723 576 3790 igue]
589 3731 619 3774 A.
632 3731 741 3785 „clarior
750 3743 794 3773 suo
806 3730 860 3790 igne
878 3736 914 3775 est
925 3732 964 3776 bre
974 3733 1071 3777 brevior
1084 3730 1194 3775 dnetns.'’

187 3814 226 3852 eto
239 3803 310 3862 iguis
325 3803 482 3862 EGFPgsb.3
502 3803 563 3859 quod
579 3802 624 3845 etsi
639 3801 732 3845 delendi
742 3805 838 3855 potest,
861 3801 1019 3847 habettaineu
1029 3800 1111 3847 nescio
1122 3812 1194 3857 quam

189 3874 378 3933 ambiguitatem.
392 3869 462 3928 (239)
471 3897 504 3908 -
513 3870 580 3916 Huic
589 3869 642 3919 EG.
652 3891 685 3904 ·-
695 3868 791 3931 Hincg.
806 3868 880 3929 (243)
889 3896 922 3906 -
932 3870 1103 3931 eephoeidaE.
1113 3890 1142 3902 -
1151 3866 1192 3912 Iu-

189 3950 227 3988 ter
237 3957 266 3988 eo
273 3939 580 4004 nigeritergumetcepbei
588 3940 727 3986 damaetam
740 3941 769 3985 A.
789 3939 860 3996 (241)
874 3963 903 3975 -
923 3939 990 3987 Hine
1000 3956 1021 3986 s.
1040 3936 1130 4000 (thid.)
1148 3949 1192 3979 att·
1208 3940 1224 3953 *⁸

190 4011 268 4072 etroe]
295 4014 415 4075 snoges.
437 4036 466 4048 -
485 4020 602 4060 austrum
618 4012 691 4057 AFP.
738 4004 810 4068 (232)
837 4008 948 4071 Borean]
971 4011 1002 4058 tt.
1028 4019 1059 4052 =
1085 4004 1194 4050 Boream
