2864 4622
163 475 228 536 Hic
249 494 266 535 e
288 480 464 552 conspectu
487 489 583 552 quum
605 466 704 549 patris
725 474 920 538 recesserat,

162 574 366 640 Verberibus
388 580 502 637 servos
525 571 677 634 afficiebat
699 569 843 652 plurimis
866 588 868 595 ·
963 610 967 621 .

162 682 208 744 Et
229 679 404 742 exercebat
424 676 578 741 fervidam
602 673 861 736 adolescentiam.

123 829 127 833 -
161 786 313 864 Aesopus
337 802 418 867 ergo
440 791 548 843 narrat
570 781 634 842 hoc
655 777 798 840 breviter
821 775 909 839 seni:

164 885 301 965 Quidam
321 886 459 949 iuvenco
481 882 622 945 vetulum
646 882 837 965 adiungebat
860 883 987 981 liorem.

163 992 197 1053 Is
220 1012 336 1073 quum,
359 987 522 1071 refugiens
545 985 660 1069 impari
682 985 767 1047 collo
789 983 916 1068 iugum,

164 1093 290 1157 Aetatis
313 1102 479 1155 excusaret
503 1090 588 1153 vires
611 1087 793 1171 languidas:

165 1199 242 1260 Non
264 1209 331 1271 est,
356 1198 443 1280 quod
466 1239 475 1258 .
495 1239 503 1257 .
524 1238 533 1257 .
552 1239 561 1256 .
579 1215 631 1267 as,
655 1192 759 1274 inquit
782 1188 1007 1291 illjprusticus:

165 1301 415 1376 Non,utl.b
432 1341 615 1363 ........
627 1294 1023 1371 ,εεᾶιιῑὶιιαηνάοῐηεε
1132 1293 1172 1353 10

168 1445 540 1467 .............
559 1423 601 1463 nu
625 1400 741 1462 multos
764 1368 1026 1481 reddif‘debiles.

168 1509 241 1571 S..
264 1519 299 1568 tn
324 1506 397 1571 ..si
421 1517 533 1569 ..tum
557 1516 662 1567 tecum
685 1501 809 1565 assidue
832 1496 967 1579 retines,

168 1655 363 1677 ........
365 1612 387 1673 ’.
402 1608 528 1695 genium
546 1606 728 1690 comprimis
752 1591 950 1667 clementia

167 1716 254 1776 ..de
276 1736 316 1776 ne
339 1713 469 1798 querela
493 1710 595 1774 maior
611 1718 774 1772 accrescat
795 1711 924 1772 domus.
969 1718 1012 1785 χ

164 1817 341 1881 Atrocitati
362 1817 570 1879 mansuetudo
593 1825 641 1877 est
662 1812 848 1875 remedium.

571 2014 669 2076 [sun.
689 2013 766 2074 nu]

271 2168 479 2234 aesopus
502 2167 565 2229 er
588 2162 774 2229 morou
797 2123 1059 2230 cumulans,

230 2311 411 2394 Quomodo
438 2307 689 2392 comprimatur
716 2307 903 2390 aliquando
929 2307 1109 2383 iactantia.

209 2434 343 2509 †Forte
365 2432 521 2496 victorem
545 2429 684 2513 gymnici
705 2428 885 2492 certaminis

167 2536 391 2599 Iactantiorem
416 2557 512 2619 quum
535 2533 699 2608 l‘vidlsset
721 2534 893 2615 Aesopus,

85 2694 90 2702 .
166 2638 388 2723 interrogavit
409 2636 615 2718 †ampliusne
638 2638 839 2700 adversarius

166 2742 330 2807 Valuisset
352 2745 472 2816 †suus·
518 2741 597 2805 Ille:
622 2742 672 2803 Ne
694 2741 779 2802 istud
801 2736 938 2818 dix'eris,

167 2847 276 2908 Multo
299 2846 390 2908 luere
413 2845 498 2908 vires
521 2845 657 2907 maiores
678 2866 780 2908 meae.

162 2949 292 3029 Quod„
305 2947 426 3031 iuquit,
451 2970 553 3032 ergo,
577 2948 690 3023 stulte,
715 2947 858 3014 meruisti
872 2951 993 3035 decus,

166 3052 278 3115 Minus
304 3053 458 3114 valentem
481 3052 507 3114 si
529 3050 634 3114 vicisti
656 3051 801 3114 fortior?

167 3156 333 3225 Ferendus
356 3176 460 3230 esses,
482 3154 571 3217 forte
593 3157 673 3217 site
695 3155 816 3217 diceres

168 3257 361 3340 Superesse,
386 3258 474 3340 †qui
495 3269 579 3357 esset
600 3258 713 3321 melior
735 3256 868 3321 viribus.

167 3471 231 3514 mulo
253 3472 274 3517 1.
295 3472 326 3515 Ζ.
363 3467 418 3526 (12)
441 3480 480 3517 mo
505 3470 548 3516 Sic
566 3476 609 3527 tu,
634 3472 687 3515 nisi
711 3476 797 3515 notum
816 3471 836 3515 1.
854 3472 884 3515 Z.
921 3469 980 3530 (13)
998 3472 1018 3517 Ε
1037 3474 1175 3529 promythio

166 3541 259 3585 videtur
277 3542 447 3597 supplendum:
467 3538 598 3600 Feroxque
611 3542 750 3601 ingenium.
770 3551 809 3587 ext)
826 3539 979 3601 Samumque
997 3544 1128 3605 ingenium
1144 3544 1173 3588 G.

167 3610 198 3654 Ζ.
218 3635 252 3645 -
270 3612 397 3664 retinens,
425 3608 509 3654 Ferox
531 3612 662 3670 ingenium
689 3612 840 3669 comprimes
858 3612 963 3658 Dorvill,
988 3614 1017 3658 Β.
1046 3616 1090 3671 (-
1108 3627 1175 3657 com·

163 3680 262 3737 primes
281 3683 353 3726 etiam
371 3679 414 3735 Z.)
451 3678 504 3735 (11)
524 3680 585 3725 Vide
603 3694 633 3724 ne
652 3682 672 3726 1.
693 3681 723 3725 Ζ.

217 3752 278 3795 Fas.
299 3751 358 3796 ΧΗ.
396 3749 434 3805 (1)
452 3760 491 3797 <no
509 3749 634 3795 Victorem
645 3748 718 3810 sorte
737 3752 757 3795 1.
779 3753 808 3796 Z.
845 3745 890 3813 (2)
908 3762 947 3799 <no
964 3762 1118 3812 quumteese
1139 3752 1174 3797 vi·

167 3818 246 3865 diceet
273 3818 367 3878 anplius
391 3820 420 3864 C.
447 3821 477 3864 Ζ.
504 3844 537 3855 -
564 3835 637 3880 quum
658 3821 765 3866 vidisset
782 3823 820 3867 vir
837 3818 890 3885 (vel
911 3821 1015 3884 Phryx)
1040 3821 1133 3879 eopdua
1152 3823 1173 3864 l.

167 3884 205 3944 (3)
222 3901 261 3937 tuo
279 3892 404 3948 emptione
423 3888 478 3938 cdo.
489 3888 601 3934 humeris
615 3904 637 3935 r.
658 3892 688 3936 C.
702 3886 733 3936 Z.
754 3917 787 3926 —
805 3906 840 3946 {m
853 3894 915 3951 plue
929 3893 985 3938 odo.
1005 3892 1073 3938 Saue
1084 3892 1133 3938 cal.
1152 3891 1172 3934 l.

169 3958 211 4022 (9)
228 3970 267 4008 oo
284 3961 374 4005 melior
392 3959 435 4019 qui
451 3967 517 4005 eeeet
533 3963 563 4005 B.
584 3962 614 4005 Z.
634 3982 668 3995 -
685 3962 729 4021 qui
738 3959 838 4022 suisset
853 3965 943 4008 melior
960 3965 981 4007 l.
