2870 4626
167 297 390 379 sto·

265 455 363 535 Quod
384 451 548 534 occtnpatis
570 451 700 515 attritus
721 473 785 518 non
807 456 968 521 convenit.

263 557 416 620 Fortasse
438 556 542 618 diceet
566 555 705 639 Aliquae
727 555 852 619 venient
872 557 987 631 seriae,
1039 546 1042 555 Χ

264 659 355 739 Quae
377 680 426 720 me
447 658 554 722 soluto
576 670 706 739 pectore
729 662 768 723 ad
788 660 1074 724 studium‘vocent.

262 763 431 843 Legesne,
455 781 591 845 quaeso,
614 761 721 843 potins
744 761 822 823 vites
844 763 987 839 naenias,

261 864 430 946 Impendas
452 846 558 926 curam
580 885 671 946 quiam
693 866 741 925 rei
763 863 972 941 domesticae,

261 967 390 1031 Reddas
413 966 520 1030 amicis
541 977 708 1046 tempora,
730 964 828 1030 uxori
848 986 960 1042 vaces,

261 1069 411 1134 Animum
434 1070 576 1142 relaxes,
600 1068 696 1132 otium
718 1070 772 1130 des
793 1068 944 1150 corpori,

262 1174 308 1238 Ut
329 1175 488 1236 adsuetam
509 1170 624 1235 fortius
647 1181 787 1251 praestes
809 1169 933 1234 vicem?
1018 1216 1022 1227 .

260 1278 450 1342 Mutandum
471 1273 529 1336 tibi
550 1273 750 1354 propositum
771 1286 820 1337 est
841 1285 874 1335 et
895 1274 977 1338 vitae
1000 1295 1123 1360 genus,
1212 1278 1253 1343 15

261 1378 433 1443 Intrare
409 1399 435 1440 s1
457 1377 624 1440 Musarum
647 1375 738 1439 limen
761 1375 895 1459 cogitas.

261 1483 356 1566 Ego,
382 1502 474 1564 quem
497 1478 607 1543 Pierio
631 1489 730 1541 mater
752 1478 842 1541 enixa
864 1490 913 1542 est
933 1478 1029 1567 iugo,

260 1587 299 1649 In
321 1603 387 1668 quo
408 1583 530 1647 tonanti
552 1592 660 1645 sancta
681 1582 893 1662 Mnemosyne
915 1582 990 1646 lovi

260 1688 409 1752 Fecunda
430 1685 542 1750 novies
564 1685 676 1748 artium
697 1683 822 1766 peperit
843 1682 993 1759 chornm3
1060 1694 1062 1703 ’

256 1788 416 1871 Quamvis
437 1789 469 1851 in
491 1789 559 1872 ipsa
581 1809 663 1877 pene
684 1798 775 1856 natus
797 1785 855 1857 siut
877 1789 986 1852 schola

261 1891 442 1975 Curamque
464 1891 598 1954 habendi
619 1889 742 1971 penitus
764 1891 860 1952 corde
883 1890 1033 1961 eraserim

261 1998 306 2061 Et
326 1996 419 2058 laude
440 1993 554 2063 invicta
578 1992 674 2059 vitam
695 1992 726 2056 in
749 1995 828 2054 hanc
848 1991 1062 2071 incubuerim,

261 2098 437 2163 Fastidiose
459 2108 562 2167 tamen
584 2095 617 2158 in
639 2108 762 2160 coetum
785 2093 938 2181 recipior.

257 2181 347 2283 Quid
368 2200 469 2263 credis
490 2198 535 2262 itti
557 2200 714 2273 accidere,
740 2198 793 2282 qui
816 2220 944 2281 magnas
966 2221 1043 2284 opes

259 2305 471 2389 Exaggerare
493 2302 616 2386 quaerit
638 2300 730 2364 omni
744 2300 872 2385 vigilia,

259 2409 370 2472 Docto
392 2405 495 2476 labori
518 2406 608 2466 dulce
629 2424 829 2484 praeponens
850 2405 995 2469 laterum?

260 2512 324 2577 Sed
344 2509 406 2571 iam
429 2510 639 2591 quodcunque
660 2505 772 2580 interit,
796 2517 831 2567 ut
852 2507 931 2570 dixit
953 2507 1069 2585 Sinon,

260 2613 315 2677 Ao
335 2632 446 2697 regem
468 2632 565 2695 quum
585 2608 765 2677 Dardaniae
786 2613 957 2691 perductus
978 2611 1083 2688 foret,

258 2848 399 2901 Pkcsdmst'
414 2851 491 2894 Bere.
514 2850 643 2908 Utrumque
664 2855 755 2895 rectum
773 2856 817 2896 est.
855 2852 907 2898 ch.
929 2852 1055 2898 Frontonis
1074 2851 1137 2912 Opp.
1157 2869 1181 2910 p.
1204 2854 1246 2901 22.

258 2921 304 2968 Ed.
325 2921 416 2964 Rom:
437 2944 470 2955 -
488 2921 512 2965 si
531 2921 586 2979 quis
610 2921 656 2965 iste
683 2934 770 2964 renem
787 2922 935 2967 Pnnnnnn
945 2920 1001 2982 suit
1017 2928 1062 2968 eet.
1100 2921 1136 2979 (4)
1153 2924 1249 2985 inquis]

257 3004 283 3047 p.
302 2991 329 3035 S·
345 3012 378 3025 -
396 2989 477 3048 inquit
496 2989 526 3033 P.
545 2991 574 3035 R.
594 2991 676 3034 Burin.
697 2991 759 3035 zett.
796 2994 886 3036 Verum
902 3007 947 3036 non
968 2998 1004 3037 est
1024 2991 1071 3037 teti
1090 2995 1188 3038 alicuius
1207 2996 1248 3039 ad-

257 3061 377 3115 versarii,
397 3062 439 3103 sed
458 3059 557 3109 Eutychi
578 3060 652 3116 ipsios
674 3073 765 3104 serino.
809 3057 847 3119 (5)
865 3061 942 3124 effeti
959 3059 1018 3118 mei]
1036 3062 1067 3105 Ρ,
1085 3075 1108 3117 p.
1129 3064 1191 3108 zen.
1209 3073 1250 3113 ω

257 3129 349 3193 officiis
367 3130 430 3180 meis
451 3130 533 3174 Heius.
559 3131 584 3173 S.
627 3127 663 3186 (6)
682 3154 715 3164 -
733 3131 815 3191 tangit
831 3131 868 3177 oio
885 3144 909 3190 g.
953 3129 990 3185 (9)
1008 3129 1098 3191 soluto]
1116 3133 1146 3176 R.
1165 3148 1180 3176 a
1197 3146 1247 3178 sce.

256 3213 291 3244 m.
313 3213 337 3255 p.
355 3201 382 3244 S.
401 3221 433 3234 -
451 3200 525 3244 solito
547 3199 577 3243 R.
597 3214 611 3243 a
631 3215 667 3256 pr.
687 3214 766 3244 anano.
780 3201 810 3244 P.
853 3198 906 3254 (10)
930 3197 1045 3259 nantas]
1062 3215 1086 3257 p.
1105 3224 1139 3236 -
1158 3203 1247 3247 nenias

255 3269 289 3312 n.
308 3271 334 3314 S.
355 3270 417 3314 nen.
438 3292 470 3303 -
488 3270 573 3314 senice
590 3270 619 3314 P.
656 3267 907 3325 (tortesmanse
923 3264 1022 3327 sortw
1043 3269 1171 3330 praestes]
1207 3272 1248 3316 Sic

257 3338 358 3387 testibus
372 3339 492 3394 Pithoeo,
511 3340 643 3398 Bnngarsio
662 3344 685 3383 st
702 3340 809 3398 Bergcro
826 3338 856 3385 P.
877 3340 1060 3397 necquicquam
1079 3346 1161 3385 contu
1181 3346 1248 3385 nota·

257 3413 298 3452 tur
315 3422 327 3453 c
345 3406 376 3452 R.
395 3410 434 3464 (P.
452 3410 506 3453 soil.
526 3414 550 3454 ut
566 3411 642 3462 sotst,
661 3408 780 3467 prestes.)
816 3408 876 3453 Item
894 3410 919 3452 S.
940 3433 973 3443 —
991 3415 1018 3453 ut
1029 3408 1169 3455 adsuetam
1187 3407 1250 3471 (sing

257 3473 466 3535 divise.)fortius
480 3485 580 3536 pentes
600 3477 656 3535 (sic)
675 3492 698 3533 p.
720 3479 782 3523 mala
803 3479 865 3522 coni.
912 3476 969 3536 (15)
987 3485 1011 3522 ct
1030 3476 1104 3538 succ]
1123 3493 1146 3534 p.
1170 3481 1197 3524 S.
1216 3499 1257 3523 -.

258 3551 286 3590 ut
302 3547 366 3590 ettae
386 3547 415 3595 P.
437 3548 468 3592 tt.
509 3546 566 3605 (18)
584 3572 616 3581 -
641 3546 788 3609 Memosyne
808 3548 837 3596 R.
856 3572 889 3583 -·
906 3546 1049 3606 Nemosrne
1066 3561 1090 3606 g.
1111 3572 1144 3582 —
1162 3554 1252 3592 sancta

257 3630 289 3660 ne
308 3614 449 3675 thnoeyne
466 3618 495 3661 P.
541 3615 594 3672 (19)
611 3616 736 3678 Fecunda]
755 3633 779 3674 p.
796 3619 875 3661 Sw-
892 3615 1010 3662 Fecunda
1026 3617 1057 3660 P.
1076 3617 1107 3661 R.
1153 3615 1206 3672 (20)
1224 3617 1253 3661 in

257 3686 315 3741 ι’ροα
328 3700 391 3742 pene
405 3687 544 3730 notuerint
561 3683 657 3744 schole]
676 3689 710 3733 sic
724 3688 754 3732 P.
776 3692 836 3731 teste
854 3687 926 3745 Berg.
948 3687 1079 3733 Heumann.
1100 3711 1132 3729 -‚-
1150 3688 1177 3730 in
1194 3688 1252 3743 ipsa

257 3759 332 3799 natus
346 3755 474 3813 simperto
491 3754 577 3800 ecbola
597 3769 621 3807 p.
642 3757 667 3803 S.
703 3758 776 3802 Manis
796 3759 1007 3810 transposuerunt;
1026 3757 1068 3800 ssd
1091 3771 1149 3801 nnus
1165 3757 1249 3800 ticum.

256 3837 340 3868 verum
357 3826 465 3868 ordinem
482 3824 578 3868 Codicis
593 3826 712 3870 divinarit.
750 3824 803 3881 (22)
821 3822 923 3882 inuicta]
941 3825 1042 3870 nesnttt.
1057 3826 1119 3870 zut
1131 3827 1251 3869 *motta

256 3894 287 3939 P.
308 3894 337 3937 R.
360 3907 385 3949 p.
406 3918 439 3928 -
457 3895 534 3938 madto
557 3892 619 3938 Gud.
639 3897 666 3939 S.
686 3920 718 3933 -
736 3897 834 3939 incanta
858 3893 951 3938 Censor
967 3895 1033 3950 Lips.
1070 3892 1157 3951 (ibid.)
1175 3896 1251 3938 eitum

255 3963 284 4011 ἑκ
301 3959 377 4024 hunc]
396 3963 498 4008 Praecla.
519 3964 546 4008 8.
567 3987 598 4011 -r
617 3964 644 4009 in
659 3962 723 4010 hunc
743 3966 818 4010 niteam
838 3964 868 4019 P.
887 3964 918 4013 R.
943 3977 967 4022 p.
1014 3958 1070 4022 (37)
1082 3963 1154 4029 fictis
1175 3962 1266 4017 educit-
