2864 4622
459 982 885 1060 ruderum.

239 1357 302 1420 Sex
335 1356 437 1420 adhuc
465 1356 640 1420 accuratius
675 1356 878 1421 innotuerunt
919 1354 1026 1421 Cudd.
1056 1357 1172 1421 horum

173 1457 388 1525 Arateorum:
963 1524 966 1541 ,

237 1561 267 1627 Ι.
289 1560 458 1638 Susiauus,
482 1583 548 1646 quo
572 1560 706 1627 Grotius
728 1583 803 1626 ursus
825 1572 891 1641 est,
921 1559 1172 1644 antiquissimus,

172 1662 272 1729 literis
300 1663 505 1748 capitalibus
529 1664 679 1747 scriptus.
737 1664 775 1727 Iu
800 1667 912 1728 eodem
943 1663 1066 1729 Codice
1095 1662 1175 1726 alirn

173 1765 347 1853 quispiam,
370 1788 435 1852 quo
463 1767 660 1831 commodius
688 1778 839 1831 tractaret
869 1767 983 1829 librum
1007 1765 1176 1831 scholasti·

173 1891 265 1947 cum,
291 1868 474 1934 Germanici
484 1892 595 1934 versus
608 1868 705 1934 literis
727 1869 1031 1945 „monachalibus”
1056 1869 1197 1933 deseri·-

172 1984 298 2057 pserat,
323 1971 390 2036 eine
405 1973 468 2036 ulla
484 1972 674 2049 mutatione,
698 1971 799 2058 inquit
815 1971 968 2049 Grotim3
991 1972 1033 2036 ita
1050 1983 1173 2049 tamen,

173 2085 208 2138 ut
226 2077 264 2138 ad
283 2097 316 2138 v.
347 2076 421 2139 141.
444 2077 523 2139 haec
545 2073 722 2139 annotarit:
755 2074 928 2158 „Quinque
956 2075 989 2139 hi
1009 2096 1123 2138 versus
1143 2073 1177 2137 in

173 2172 397 2261 Mamuc‘ripto
413 2172 614 2270 αὖτογράφῳ
630 2179 759 2252 desuut3
783 2176 882 2241 sedin
899 2198 936 2240 ea
952 2177 1175 2261 descriptione,

175 2301 257 2366 quae
282 2278 371 2343 litera
395 2278 572 2342 recentiore
597 2278 680 2342 facta
696 2291 760 2355 est,
783 2283 872 2343 deest
893 2301 1003 2344 versus
1022 2282 1177 2344 secundus

176 2379 400 2463 (dumtaxat.)”
447 2380 634 2462 Suppletum
652 2380 751 2471 igitur
773 2391 841 2445 erat
858 2384 1079 2467 apographum
1094 2382 1178 2447 istrud

176 2505 216 2549 ex
238 2482 303 2547 alio
325 2481 448 2547 codice.
493 2483 596 2548 Nobis
619 2496 666 2547 est
690 2484 735 2547 G.
774 2554 776 2561 ¹
890 2488 896 2498 “

237 2586 285 2652 11.
315 2585 544 2665 Basilecnsisi)
574 2607 644 2650 cum
675 2585 867 2651 Scholiasta.
923 2587 1046 2652 Iudex:
1079 2609 1177 2652 uranu

176 2709 387 2753 uonuououure
410 2710 547 2751 curuum
569 2710 736 2753 cursurus.
760 2693 893 2753 membr.
912 2691 1016 2755 forma
1037 2694 1178 2775 quadru-

175 2790 291 2876 plicata
318 2790 471 2856 foliorum
501 2792 616 2854 XLV.
647 2795 721 2856 Sec.
752 2794 818 2856 IX.
841 2793 982 2878 Figurae
1009 2794 1179 2858 constella-

175 2893 296 2959 tionum
318 2892 424 2958 insunt
446 2896 613 2958 admodum
635 2897 748 2972 rudes,
772 2897 893 2961 calamo
912 2884 1105 2961 delineataer
1127 2897 1179 2960 fo·

176 2995 218 3060 tia
245 2997 306 3060 tria
339 3017 358 3059 a
393 2996 507 3059 ceteris
540 2995 776 3081 distinguuntur
811 2998 970 3081 scriptura
1006 2999 1178 3064 saxonica.

177 3094 253 3164 Duo
274 3110 380 3162 tresve
401 3098 495 3183 primi
522 3119 633 3161 versus
661 3100 855 3183 singularum
883 3100 1071 3165 divisionum
1103 3122 1179 3165 exa·

178 3212 267 3266 ratae
285 3212 358 3266 aunt
379 3202 584 3283 plerumque,
608 3212 793 3266 nontamen
816 3224 958 3286 semper,
983 3202 1082 3267 literis
1100 3225 1179 3288 qua·

178 3304 291 3368 (iratis.
344 3303 490 3384 Scriptus
513 3324 582 3368 esse
609 3302 733 3368 videtur
752 3305 892 3380 Fuldaea
915 3317 1002 3369 certe
1025 3304 1056 3369 iu
1076 3305 1181 3371 unca

179 3428 272 3472 manu
294 3408 368 3472 See.
391 3406 492 3472 XIV.
517 3408 595 3470 haec
615 3406 795 3489 strbscripta
815 3417 909 3472 artutr

189 3584 193 3591 ι
240 3508 445 3575 Honorabili
470 3507 610 3572 domino
639 3524 680 3572 ae
704 3509 803 3593 patri
836 3531 901 3574 ruo
922 3508 1079 3597 (sequitur
1098 3512 1181 3577 ¹uota

179 3609 254 3675 mihi
275 3621 307 3676 et
328 3610 485 3677 Foeochio
505 3609 752 3688 inextricabilic3
791 3612 914 3676 videtur
933 3614 1007 3677 vel:
1038 3619 1080 3679 L.
1103 3615 1178 3678 velt

230 3822 268 3889 (*)
286 3828 312 3873 In
333 3829 456 3882 idaenelii,
481 3831 512 3874 V.
541 3829 571 3874 C.
596 3814 724 3888 dctotogr'r
749 3829 819 3881 Lidr.
847 3830 980 3879 Monorcr.
1010 3847 1064 3894 ρας.
1086 3832 1134 3879 658
1154 3834 1180 3889 b.

181 3897 215 3943 oie
231 3899 334 3944 refertur
342 3910 355 3944 ι»
369 3929 381 3951 ,,
389 3897 483 3942 Claudii
503 3899 629 3953 Caesario,
650 3897 782 3957 Germani,
802 3904 882 3949 verrio
899 3904 1013 3959 Horatii,
1034 3919 1056 3949 c.
1079 3915 1178 3959 corum.;

181 3967 299 4012 membr.’'
318 3968 409 4028 (onmia
427 3968 481 4020 ric.)
776 3966 779 3976 '
