2870 4626
177 469 261 534 Iove
282 466 472 532 adtributum
493 476 554 531 est.
597 468 690 551 Ergo
710 486 769 531 nec
787 465 882 531 sumis
904 465 975 533 tihi.
1037 478 1053 535 '.

176 574 251 641 Nec
270 571 326 633 ulli
347 573 445 635 donoc
466 568 654 654 quicquam?
676 570 729 633 sic
750 570 821 637 satis
842 570 958 652 placet.
999 632 1004 639 ,

175 674 266 737 Nolo
288 673 454 750 irascaris,
477 673 577 736 libere
599 673 626 736 si
647 673 778 736 dixeno:

173 775 234 840 Dis
257 787 306 838 est
326 774 412 838 iratis
436 787 543 850 natus,
567 775 624 859 qui
645 786 691 838 est
714 773 821 837 siruiiis
842 773 912 836 tibi.

216 879 373 942 Abiturus
394 878 490 952 illuc,
515 899 580 962 quo
602 878 728 959 priores
750 877 913 952 abierunt,

175 979 260 1061 Quid
282 992 383 1043 mente
405 1001 496 1043 caeca
519 968 664 1043 miserum
687 991 819 1065 torques
840 977 1008 1060 spiritum?
1034 1055 1037 1061 ,

177 1083 255 1146 Tibi
275 1083 365 1157 dico,
389 1105 503 1158 avare,
527 1083 673 1168 gaudium
695 1081 822 1143 heredis
843 1081 907 1158 tui,

178 1186 241 1264 Qui
262 1197 333 1248 ture
355 1207 508 1266 superos,
532 1184 631 1266 ipsum
654 1195 686 1246 te
707 1184 833 1246 fraudas
856 1183 946 1258 οἰδα)

178 1288 242 1367 Qui
261 1287 359 1350 tristis
381 1288 467 1350 cudis
489 1287 640 1349 mimicum
660 1285 799 1351 citharae
819 1307 948 1362 sonum

177 1391 278 1469 Quem
300 1390 445 1452 tibiarum
469 1401 604 1455 macerat
628 1389 822 1466 iucunditas3

178 1491 394 1574 Opsoniorum
415 1492 516 1574 pretia
538 1492 590 1556 cui
607 1491 759 1576 gemitum
782 1492 981 1574 exprimuot3

177 1594 334 1676 Quidum
357 1598 543 1677 quadrantes
565 1615 702 1680 aggeras
723 1595 932 1676 patrimonio,
988 1638 991 1645 ι

177 1694 307 1760 Caelum
328 1695 441 1780 fatiges
464 1696 593 1761 sordido
615 1697 776 1780 periurio;

178 1798 243 1878 Qui
263 1798 457 1862 circumcidis
480 1820 604 1864 omnem
623 1799 795 1882 impensam
816 1800 940 1876 funeri,
999 1852 1001 1857 .

175 1900 313 1964 Libitina
334 1922 373 1964 ne
394 1900 469 1985 qnid
489 1904 528 1965 de
548 1913 605 1967 tuo
627 1902 724 1967 faciat
743 1902 836 1969 lueri.

614 2123 719 2184 [xxii

538 2258 800 2342 eruendos.

216 2413 301 2493 Quid
321 2413 457 2477 iudicare
478 2415 598 2500 cogitet
618 2416 706 2479 livor
727 2418 842 2488 modo.

172 2516 267 2578 Licet
287 2516 477 2593 dissimulet,
499 2519 632 2599 pulchre
653 2531 755 2583 tamen
777 2518 941 2602 intellego.
979 2576 983 2585 .

172 2618 331 2702 Quicquid
350 2618 475 2700 putabit
496 2641 565 2683 esse
587 2621 715 2703 dignum
738 2621 907 2696 memoria,

80 2762 88 2783 ι
123 2766 126 2770 1
170 2721 292 2803 Aesopi
313 2722 411 2796 dicet3
435 2722 556 2805 siquid
579 2723 677 2786 minus
699 2723 867 2800 adriserit,

170 2825 203 2887 A
225 2844 273 2886 me
295 2825 462 2887 contendet
482 2825 589 2887 fictum
611 2825 726 2908 quovis
748 2826 895 2911 pignore.

172 2926 273 3007 Quem
294 2927 373 2990 volo
395 2927 497 2990 refelli
517 2930 579 2991 iam
601 2950 684 2991 nunc
705 2950 862 3012 responso
884 2952 976 2995 meos

170 3145 203 3190 N.
221 3150 280 3191 teste
298 3144 366 3195 lana.
385 3147 428 3203 (=
448 3147 480 3193 cb
500 3161 523 3193 s.
552 3148 582 3194 N.
611 3154 672 3194 teste
695 3149 834 3205 Dorvillio.)
851 3164 876 3206 p.
902 3151 928 3194 8.
948 3170 982 3183 -
999 3146 1044 3193 icoc
1069 3161 1163 3195 sommo

170 3229 222 3259 om.
241 3230 265 3260 o.
288 3215 317 3260 P.
359 3215 406 3275 (De
427 3219 457 3262 R.
479 3232 525 3263 non
549 3219 664 3274 constat.)
708 3216 767 3276 (15)
783 3218 843 3277 Dr'a]
864 3220 892 3263 P.
913 3220 942 3262 R.
965 3218 995 3263 N.
1016 3240 1048 3250 ·-·
1066 3217 1116 3264 dcte
1137 3233 1161 3273 ρ.

171 3286 199 3329 S.
237 3282 291 3341 (16)
310 3288 400 3331 Versus
419 3285 528 3332 16-26.
549 3289 675 3344 praeponit
691 3291 800 3333 uersibus
820 3285 911 3334 1-15.
933 3288 963 3332 N.
1001 3285 1055 3344 (21)
1076 3298 1106 3331 =
1127 3289 1163 3333 ios

169 3353 285 3399 cunditca
302 3356 331 3399 P.
350 3356 380 3400 R.
397 3356 427 3402 N.
446 3371 470 3412 p.
507 3356 560 3413 (22)
578 3356 755 3416 opsoniorum]
775 3359 805 3404 N.
827 3360 853 3402 s.
873 3382 904 3395 ,-
923 3357 1080 3401 obsoniorum
1092 3357 1122 3401 P.
1137 3371 1161 3414 p.

169 3421 216 3481 (-
232 3425 342 3483 gemitus
362 3424 406 3480 N.)
434 3423 491 3481 (23)
509 3450 542 3460 ·—
560 3428 697 3486 quadrante
713 3441 809 3486 eugeus
824 3428 979 3483 patrimonio
998 3427 1028 3472 N.
1053 3424 1106 3480 (25)
1116 3424 1162 3484 su·

166 3490 234 3551 ucri]
253 3492 284 3537 N.
316 3495 341 3539 S.
370 3512 404 3528 -·
424 3493 532 3554 funeris
549 3497 579 3540 P.
601 3494 631 3540 R.
652 3511 675 3552 p.
725 3495 779 3551 (26.
798 3496 907 3541 Litium
928 3495 969 3554 ne]
988 3496 1018 3541 N.
1038 3510 1062 3551 p.
1083 3499 1109 3541 S.
1131 3508 1161 3530 -ι

166 3561 238 3607 Later
257 3564 332 3606 inune
349 3563 379 3608 P.
402 3571 426 3609 et
440 3567 479 3627 u„
497 3567 567 3620 (teste
594 3565 694 3619 Gudio.)
713 3586 745 3596 -
763 3566 878 3610 Libatum
900 3581 931 3610 ne
952 3567 983 3610 R.
1007 3572 1066 3611 teste
1090 3568 1162 3611 Vinea

166 3631 257 3688 (ibid.)
274 3630 350 3691 lucri]
370 3633 516 3679 N.'firmaos
538 3634 624 3689 Guyeti
643 3636 707 3681 coni.
726 3637 751 3679 S.
782 3659 814 3670 -
836 3638 934 3680 lucrum
953 3636 981 3681 P.
1007 3635 1037 3681 u.
1061 3651 1085 3691 p.
1103 3637 1163 3681 Post

166 3701 227 3746 hunc
247 3714 281 3814 rb
290 3700 320 3746 N.
340 3705 418 3750 addit:
438 3702 551 3748 Fabelloc
569 3712 670 3750 nostroe
686 3718 778 3763 purum
796 3706 824 3762 (ι’.
845 3720 867 3751 e.
885 3704 1008 3764 paullum)
1027 3718 1103 3751 cerea
1118 3719 1161 3749 oc-

166 3782 262 3815 commo
280 3784 306 3816 c.

218 3841 278 3884 Pac.
299 3840 372 3886 XXI.
408 3840 444 3897 (1)
460 3851 499 3888 ω
516 3841 568 3904 Quo
583 3843 637 3889 iud.
652 3845 739 3890 Bothe.
757 3845 826 3899 prob.
845 3845 979 3890 Schwabio.
996 3810 998 3814 Ι
1017 3842 1102 3896 (ibid.)
1120 3855 1161 3885 co·
1200 3846 1201 3853 ’

165 3905 239 3968 gitur]
263 3922 287 3964 p.
311 3911 337 3956 S.
351 3912 495 3972 -cogr‘tur
512 3913 542 3958 P.
561 3927 585 3972 g.
605 3916 649 3971 (-
665 3913 729 3959 libor
746 3915 777 3960 P.
799 3913 835 3974 g.)
870 3908 913 3972 (2)
932 3912 1112 3959 -diuimtm
1128 3912 1159 3954 P.

164 3973 206 4035 (3)
223 3977 355 4053 memorio]
383 3979 413 4026 N.
440 3982 557 4040 Bongars.
578 4007 610 4018 -
628 3986 761 4028 memoriae
778 3985 917 4040 (memoria,
933 3984 974 4036 Ρ.)
991 3983 1020 4027 P.
1041 3981 1069 4025 lt.
1090 3995 1113 4035 o.
1133 3980 1160 4027 S.
