2870 4626
581 584 678 646 [raa.
698 558 760 651 rx]

397 732 639 799 SOCRATES
661 737 726 801 ΑΙ)
748 737 939 802 AMICOS.

212 876 358 959 Vulgare
381 875 472 938 aruiei
494 895 623 950 nomeu,
649 879 704 939 aed
725 898 796 939 rara
818 889 866 941 est
887 879 977 942 fides.

169 980 276 1058 Quum
298 1000 412 1060 parvas
435 980 529 1040 aedes
549 977 607 1040 sibi
615 977 790 1069 ‘fundasset
812 981 980 1057 Socrates,

171 1083 286 1163 (Cuius
309 1104 372 1145 nou
394 1080 485 1165 fugio
508 1091 640 1143 mortem
664 1081 691 1143 si
711 1082 825 1145 sauram
848 1087 1024 1167 adsequar,

172 1191 219 1252 Et
240 1189 318 1250 cedo
339 1185 492 1261 invidiae,
517 1187 685 1251 druuurodo
709 1185 859 1249 absolvar
880 1185 1001 1267 ciuiaz)

174 1293 229 1354 Ex
250 1289 372 1372 populo
394 1287 439 1351 aie
460 1287 566 1350 nescio
590 1287 678 1369 quia,
701 1299 736 1349 ut
757 1288 825 1350 fieri
847 1290 948 1354 solet:
1110 1298 1114 1303 ”
1147 1292 1166 1361 5

173 1395 321 1473 Quaeso,
345 1403 409 1454 tam
431 1370 591 1477 angustam
614 1387 686 1452 talis
709 1389 757 1452 vir
779 1389 871 1471 ponis
893 1392 1044 1456 domum?

173 1496 322 1569 Utinam,
346 1492 463 1580 iuquit,
487 1491 571 1556 veris
594 1493 675 1554 hauc
696 1492 800 1555 amicis
822 1492 985 1575 impleam!

586 1710 682 1773 [rau.
701 1711 755 1773 „ul

194 1846 351 1929 POETA
373 1863 436 1927 DE
465 1860 684 1926 CREDERE
707 1861 770 1924 ET
793 1861 890 1925 NON
913 1860 1145 1927 CREDERE.

216 2002 435 2067 Periculosum
460 2012 508 2064 eat
529 2003 660 2064 credere
681 2011 712 2062 et
735 2022 799 2063 nou
821 2002 965 2064 credere.

171 2106 348 2188 Utriusque
369 2103 547 2184 exemplum
569 2101 711 2164 breviter
732 2124 887 2185 exponam
908 2106 969 2165 re'r'.

213 2207 412 2289 Hippolytus
435 2204 534 2284 obiit,
556 2203 629 2288 quia
651 2225 808 2267 novercae
830 2204 979 2269 creditum
1002 2217 1070 2270 eat:

171 2310 370 2375 Cassandrae
393 2307 549 2393 quianon
572 2307 740 2382 cauditum,
764 2306 828 2370 ruit
848 2307 955 2377 Ilium.

173 2416 268 2496 Ergo
290 2413 484 2493 exploranda
505 2421 552 2476 eat
574 2409 690 2473 raritas
713 2410 865 2486 multum,
889 2408 978 2492 priua
1145 2415 1164 2476 5

172 2518 276 2595 Quam
299 2498 391 2576 stulta
413 2535 512 2596 prave
533 2512 649 2576 iudicet
671 2511 836 2574 sententia.

173 2622 240 2682 Sed
261 2617 406 2680 fabulosa
429 2638 467 2677 ue
493 2626 645 2679 vetustate
668 2615 804 2691 elevem,

171 2722 323 2784 Narrabo
345 2718 403 2781 tibi
424 2718 575 2783 memoria
598 2720 684 2801 quod
704 2717 819 2783 facturn
843 2730 890 2782 eat
913 2740 992 2784 urea.

224 2942 285 2985 Fau.
305 2941 339 2985 X.
376 2938 416 2997 (2)
442 2962 474 2977 «-
499 2952 590 2996 ponam
613 2937 643 2982 N.
669 2939 712 2992 (—
730 2937 835 2981 breviter
859 2940 1001 2997 exemplum
1018 2955 1110 2998 ponam
1129 2943 1168 2990 raa'

173 3004 276 3067 Burru.)'
307 3007 343 3063 (3)
370 3034 402 3043 —
429 3007 582 3067 Hyppolr'tua
608 3008 638 3050 P.
659 3022 682 3063 p.
731 3006 817 3062 (thid.)
834 3006 905 3067 obita]
925 3007 955 3057 N.
973 3010 1003 3053 P.
1021 3012 1047 3055 S.
1066 3035 1097 3044 -
1113 3011 1183 3063 obit,

173 3083 203 3126 P.
221 3082 250 3124 R.
287 3077 324 3136 (5)
343 3103 375 3113 -
394 3092 492 3135 temper
513 3077 588 3134 priua
611 3076 642 3120 N.
688 3073 725 3133 (6)
744 3101 776 3110 -
794 3078 866 3121 stulte
880 3091 962 3135 prava
978 3078 1027 3133 N.,
1045 3085 1069 3123 ut
1084 3081 1165 3124 volue-

171 3156 212 3195 rat
229 3152 311 3196 Burru.
348 3147 386 3207 (7)
397 3144 520 3207 sabulum
538 3160 568 3190 ne
585 3151 705 3190 vetustate
724 3143 824 3204 elevem]
843 3148 881 3192 Sic
903 3160 926 3202 p.
944 3149 1007 3192 caui.
1027 3147 1066 3201 (11.
1084 3162 1097 3190 a
1115 3161 1164 3196 ser.

174 3220 219 3273 ru.)
238 3221 263 3263 S.
284 3243 317 3253 -
330 3214 450 3276 fabulosa
474 3231 504 3261 aa
527 3221 670 3261 vetustatem
690 3216 767 3257 terem
795 3214 850 3273 (sic)
875 3215 904 3260 P.
923 3216 953 3260 R.
975 3238 1003 3249 -
1015 3213 1165 3274 stabulorum

173 3304 204 3333 rae
220 3294 362 3332 retuatatam
387 3299 489 3331 aaaerua
508 3285 537 3329 N.
557 3294 595 3330 ut>
605 3281 752 3343 fabulosum
775 3298 805 3327 ne
827 3290 968 3328 retractatam
986 3285 1065 3330 elevat
1085 3288 1164 3335 Bautt.

172 3357 212 3415 (S)
230 3383 263 3391 -
282 3353 347 3416 quod
366 3356 487 3401 memoria
512 3355 542 3399 N.
588 3353 624 3411 (9)
638 3378 676 3387 ·-
694 3351 805 3396 Moritur
822 3359 919 3397 caetum
937 3369 959 3412 q.
980 3354 1010 3403 N.
1031 3369 1061 3399 ex
1076 3359 1164 3402 versic.

174 3426 216 3473 14.
236 3424 293 3485 (tt)
312 3447 344 3458 -
357 3440 451 3483 purum
468 3430 626 3481 compararet
644 3423 674 3467 N.
711 3420 767 3477 (11)
785 3421 916 3482 seductus]
935 3424 965 3468 N.
985 3439 1013 3478 p.
1029 3426 1054 3469 S.
1066 3450 1099 3466 w
1117 3425 1168 3470 sed

170 3503 240 3542 vetur
257 3497 285 3542 P.
305 3495 335 3538 11.
377 3494 460 3549 (thia.)
486 3495 574 3537 ltterto
593 3491 640 3550 art]
665 3492 694 3535 N.
714 3492 793 3535 Banu.
813 3493 838 3536 S.
858 3515 890 3529 -ι-
912 3507 960 3537 uru.
982 3500 1020 3538 eat
1037 3496 1071 3539 Ῥ.
1089 3496 1120 3539 R.
1141 3510 1163 3551 p.

172 3564 226 3622 (12)
244 3564 298 3608 her.
319 3563 405 3625 aufflra'
422 3562 459 3621 ae]
477 3565 532 3622 utg.
552 3565 625 3606 Satur.
646 3563 671 3605 S.
692 3585 724 3594 ·-
742 3559 767 3605 t.
787 3559 914 3623 utffietm
937 3563 965 3607 P.
986 3564 1016 3607 11.
1037 3569 1096 3610 teste
1115 3564 1167 3609 Gu-

170 3638 219 3680 dio.
240 3632 277 3692 (h.
297 3634 435 3697 sufficiae
453 3634 483 3678 R.
503 3638 562 3677 tuate
581 3631 722 3683 Vincentio,
743 3637 766 3674 et
782 3637 916 3676 correctum
937 3647 950 3676 a
968 3647 1016 3677 sec.
1032 3648 1065 3677 m.
1082 3647 1113 3676 aa
1141 3634 1166 3676 σι’

170 3705 218 3759 ae.)
237 3729 274 3739 -κ
288 3701 313 3747 tr.
331 3702 395 3765 fiara'
421 3716 448 3747 ae
466 3702 496 3747 N.
517 3726 549 3735 ·-
567 3699 592 3745 Ιι.
609 3714 636 3743 ae
650 3695 797 3757 seriaaa'p.
845 3698 899 3756 (13)
922 3702 965 3760 qui
981 3701 1065 3761 quum]
1082 3702 1111 3748 R.
1131 3700 1164 3756 (1)

170 3774 286 3819 11111εηὶι.
306 3774 331 3816 S.
353 3797 385 3807 -
403 3771 519 3831 quidum
544 3771 573 3814 P.
594 3785 617 3825 p.
637 3794 669 3803 —
688 3767 728 3812 tu'c
747 3784 821 3828 quum
839 3770 869 3814 N.
897 3772 978 3815 Heius.
999 3795 1031 3811 -v
1048 3771 1090 3814 cui
1105 3770 1164 3813 dum

170 3846 288 3902 Bougars.
326 3839 380 3896 (16)
399 3866 431 3875 -
449 3846 571 3884 amantem
591 3839 621 3884 N.
641 3835 696 3896 (20)
716 3863 748 3872 -
768 3839 817 3884 Suo
833 3840 897 3884 aedit
911 3838 1001 3886 dehine
1013 3840 1043 3884 N.
1063 3838 1116 3895 (21)
1130 3862 1163 3872 -

170 3914 225 3958 cub.
244 3912 340 3972 infelix
355 3916 443 3968 patena
461 3910 492 3955 N.
535 3907 639 3965 (22).-
658 3915 742 3952 nutum
760 3916 840 3958 mater
862 3909 893 3954 N.
930 3907 985 3966 (tt)
1001 3903 1163 3965 concurrunt]

171 3983 200 4028 P.
224 3983 255 4029 tt.
288 3997 303 4027 a
331 3994 371 4037 pr.
400 3994 433 4025 ur.
449 3993 484 4037 ·p.
516 3981 541 4025 S.
568 4002 600 4013 -
624 3970 757 4023 concurrat
779 3979 809 4024 u.
836 3994 849 4023 a
874 3992 923 4029 aaa.
944 3993 977 4024 m.
995 3976 1025 4023 N.
1045 3977 1161 4034 Bougars.
