2864 4622
268 306 327 371 192

188 488 193 503 .
268 448 420 512 Partibus
443 446 527 509 haud
546 443 637 518 aiiis3
658 456 753 507 nocte
775 445 911 509 eluctata
932 467 1078 528 suprema

269 550 326 613 Bis
349 549 432 613 soiet
453 548 507 610 iiia
527 567 590 610 una
612 548 700 609 caelo
723 569 756 610 se
780 552 948 612 ostendere
971 561 1083 624 nocte;

268 655 349 717 Nam
373 651 399 714 si
421 651 593 715 Phoebeos
616 671 748 726 currus,
772 654 843 715 dum
866 653 963 737 ionga
988 637 1179 729 venitm,

270 757 397 820 Occasu
419 753 578 838 sequitur,
603 774 713 814 rursus
735 753 817 838 sugit
841 747 1002 819 Oceanum
1026 767 1117 830 ortu,
1205 754 1267 817 635

230 846 232 849 ⁵
268 858 373 923 Crure
397 857 487 920 sirnul
511 845 618 920 Chelis
640 855 780 938 suigens.
826 857 929 936 Quum
954 858 1108 939 Scorpios
1131 857 1216 932 exit,

266 962 333 1023 Iani
356 960 432 1025 totis
455 959 555 1021 radiat
578 960 724 1047 niernbris
747 950 923 1045 miserabile
945 959 1054 1034 sidns;

268 1067 314 1130 At
336 1085 430 1146 quum
453 1074 556 1125 tantus
580 1061 662 1135 abit,
687 1074 836 1143 quantum
858 1064 947 1143 Lyra
970 1064 1073 1148 surgit
1089 1061 1253 1138 abundis,

266 1169 374 1231 Arcds
396 1167 464 1247 ipsa
486 1187 542 1228 sna
566 1164 655 1227 caelo
678 1164 836 1227 reseretur
856 1164 984 1250 imago:
1061 1202 1068 1219 .

267 1269 460 1351 imperfecta
483 1267 564 1329 redit
586 1267 675 1330 caelo
698 1278 764 1329 tum
785 1278 853 1330 tots
878 1267 1009 1332 Corona
1206 1269 1271 1330 oto

270 1375 315 1438 Et
339 1371 461 1435 Chiron
483 1370 553 1452 pius
576 1372 615 1433 ad
637 1372 766 1431 assidam
789 1370 998 1454 cognoscitur
1018 1371 1126 1436 imam.

266 1477 412 1558 Pegasus
434 1471 600 1537 abscondit
620 1483 690 1534 toto
712 1482 787 1534 tunc
808 1485 940 1554 pectore
963 1496 1097 1565 pennas3

269 1579 339 1640 Nec
361 1578 446 1639 lucet
468 1578 565 1638 catrda
587 1594 786 1656 praemensus
809 1587 941 1656 pectore
965 1576 1106 1657 Cycnus.

263 1679 368 1742 ›Abdit
391 1689 422 1742 et
444 1679 648 1742 Andromede
672 1677 794 1750 vultus}
819 1688 850 1739 et
873 1680 1006 1751 marisca
1029 1678 1142 1745 Pistris

273 1783 402 1846 Occasu
423 1780 599 1865 insequitur
622 1780 788 1843 metuentis
810 1779 955 1864 Virginis
979 1803 1057 1846 orsa
1166 1814 1169 1818 ⁴
1199 1782 1271 1849 ‘645

270 1884 377 1949 Crista
399 1904 497 1965 super
517 1884 609 1955 caelo
631 1883 751 1966 fuiget,
775 1895 870 1964 caput
892 1885 1016 1948 abditur
1035 1884 1111 1970 ipsi.

271 1986 404 2070 Regalis
428 1985 577 2068 Cepheus
601 1985 671 2049 aitis
693 1985 827 2048 intactus
851 1987 889 2048 ab
913 1987 1014 2051 tradis.

312 2088 467 2172 Scorpios
489 2088 654 2168 exoriens,
678 2110 775 2173 quum
796 2089 899 2189 clarus
919 2089 1041 2175 fugerit
1061 2091 1192 2170 Amnis,

218 2312 223 2320 ·
269 2288 408 2336 Schwartz(
425 2288 498 2345 Celsa
523 2293 576 2337 scii.
598 2292 622 2336 6.
641 2292 658 2336 i.
678 2286 716 2341 τὰ
734 2282 856 2356 ὑψηλά,
885 2305 947 2346 non,
976 2295 1038 2350 quod
1065 2296 1101 2340 iiii
1124 2297 1269 2359 videbatur,

267 2356 383 2424 ὑψηλή.
421 2359 508 2418 (ibid.)
526 2358 627 2421 Hydra]
647 2363 674 2406 de
692 2374 717 2420 g.
736 2363 799 2408 coni.
819 2361 856 2404 sb.
879 2383 908 2393 -
928 2362 974 2405 ilia
995 2363 1084 2424 BEGg.
1105 2363 1177 2421 (6321
1194 2365 1268 2428 aliis]

267 2432 318 2476 BE.
339 2438 364 2475 ut
378 2434 479 2491 uniebat
501 2445 527 2490 g.
554 2432 590 2475 sb.
611 2455 644 2466 -
662 2432 710 2475 alii
731 2431 779 2490 Gg.
816 2428 903 2489 (ibid.)
921 2438 991 2476 nocte
1011 2432 1119 2479 eluctata
1137 2436 1269 2496 suprema}

269 2503 296 2545 de
312 2514 336 2559 g.
351 2505 414 2546 coui.
435 2501 472 2546 sb.
492 2524 526 2534 -
543 2507 637 2545 noctem
650 2500 776 2566 fluctuata
793 2514 912 2558 suprema
924 2501 980 2560 og„
991 2527 1024 2537 -
1041 2511 1136 2549 noctem
1143 2505 1269 2569 fluctuata

241 2588 253 2599 ··
268 2584 412 2627 supremam
432 2571 482 2615 BE.
524 2567 600 2627 (633)
629 2569 686 2630 illa)
716 2571 799 2630 Ggsb.¹
817 2594 849 2604 -
878 2571 921 2614 ills
939 2571 989 2616 BE.
1027 2573 1116 2633 (ibid.)
1134 2575 1265 2637 nocteJE.

268 2639 378 2698 (firmans
409 2641 502 2687 errrend.
529 2641 568 2699 g.)
595 2641 632 2684 sb.
661 2665 694 2674 -
724 2646 819 2685 noriam
846 2640 913 2698 BGg.
962 2639 1037 2699 (634)
1067 2659 1218 2693 —cursus
1236 2643 1281 2691 B.'

269 2707 339 2766 (635)
358 2708 468 2768 Occasu]
484 2711 518 2767 ⁴de
538 2723 563 2768 g.
584 2711 677 2755 emend.
694 2709 732 2754 sb.
751 2732 784 2746 -
803 2708 916 2754 Occasus
933 2711 1023 2772 BEGg.
1059 2712 1145 2771 (ibid.)
1163 2714 1267 2775 rrsrsus]

268 2777 359 2838 BEGg.
394 2790 424 2823 =
450 2792 553 2823 rursum
577 2779 614 2822 sb.
661 2779 746 2837 (ibid.)
771 2777 837 2837 arta]
856 2778 954 2840 EGgsb.
974 2806 1007 2816 -
1025 2789 1095 2828 ortus
1113 2785 1142 2829 B.
1191 2782 1268 2846 (636)

171 2845 174 2849 ’
269 2847 347 2893 Crurs
366 2849 443 2892 simui
470 2845 554 2892 Chelis
573 2844 693 2908 fulgens]
714 2863 735 2893 s.
761 2849 824 2892 coni.
845 2873 878 2884 -
895 2847 988 2907 Crura,
1013 2853 1091 2898 simul
1108 2851 1198 2900 Chelae
1211 2853 1270 2915 sul·

267 2923 329 2980 gent
347 2919 453 2978 BEng.
501 2918 586 2971 (ibid.)
608 2917 737 2978 Scorpios]
763 2919 833 2976 EGg.
865 2930 897 2963 =
926 2919 1046 2981 Scorpius
1076 2924 1132 2972 iisb.
1180 2926 1270 2971 Totum
1328 2976 1332 2983 „

269 2991 347 3034 iocum
363 2991 398 3034 sic
419 2985 537 3047 refingere
559 2994 657 3034 conatus
681 2995 719 3034 est
747 2988 861 3035 Grotius:
893 2985 989 3045 Crars,
1013 2993 1091 3036 sirnul
1111 2990 1201 3038 Clislaa
1212 2992 1269 3054 sul-

267 3063 328 3120 geni
339 3091 352 3114 „
366 3073 440 3119 quum
460 3057 579 3116 Scorpios
597 3059 666 3112 exit,
685 3057 761 3104 Hand
778 3064 908 3103 cunctatus
926 3060 996 3105 abit:
1015 3076 1089 3120 quam
1106 3060 1199 3108 Chiron
1210 3080 1268 3109 cur·

267 3134 311 3190 get
337 3122 367 3172 ab
390 3128 465 3174 undis
488 3127 617 3188 Arcusqne
642 3129 699 3184 ipsa
719 3130 762 3186 pia
788 3129 858 3172 caelo
877 3125 1001 3187 reseretur
1019 3132 1118 3193 imago,
1137 3133 1192 3177 iam
1209 3136 1268 3179 totis

268 3192 354 3243 radiat
377 3198 496 3243 membris
519 3197 665 3243 miserabile
683 3198 763 3244 sidus.
800 3195 951 3261 lmpcrsecta
972 3205 1034 3245 cet.‹
1054 3202 1153 3258 Recepit
1170 3204 1229 3248 banc
1241 3217 1266 3264 g.

268 3269 429 3314 coniecturam
448 3270 470 3313 b.
489 3274 582 3314 retenta
601 3275 677 3313 tamen
691 3283 734 3313 suo
754 3271 807 3312 ioco
826 3269 885 3313 Cdd.
905 3269 1022 3328 isctions3
1043 3273 1102 3317 unde
1124 3274 1199 3318 mirae
1219 3279 1268 3318 iur-
1319 3312 1322 3325 Α

268 3338 312 3382 bae
334 3344 400 3384 ortae
420 3343 474 3383 suut
498 3340 521 3382 in
548 3340 600 3384 eius
621 3340 733 3391 editione.
776 3334 853 3395 (637)
870 3337 924 3382 lam
944 3339 1012 3398 totis)
1030 3341 1061 3385 E.
1087 3347 1113 3385 ut
1130 3345 1225 3388 volebat
1242 3357 1269 3402 g.

268 3407 307 3452 sb.
316 3432 348 3449 —÷
357 3408 421 3455 Tam
433 3408 491 3453 totis
500 3410 529 3453 B.
539 3434 572 3443 —
579 3408 644 3454 Tam
651 3409 709 3452 tatic
716 3407 762 3466 (ἐς,
775 3404 849 3465 (638)
859 3406 969 3468 Atqaum
976 3416 1058 3456 tantus
1069 3410 1130 3471 abit]
1137 3413 1268 3472 BEGg(b.)

237 3510 244 3516 ³
268 3477 510 3522 -Acramtantum
523 3476 658 3537 abici(sic)
671 3493 691 3523 s.
706 3479 769 3522 coni.
790 3474 976 3539 (ibid.)surgit]
987 3480 1015 3524 B.
1029 3491 1158 3542 -surgat
1169 3482 1268 3541 EGgsb.

267 3542 445 3609 (satiarem
467 3547 523 3605 ipsa
550 3540 596 3592 suo
622 3547 702 3606 caela]
731 3548 771 3597 sta
791 3548 886 3602 scripsi.
906 3574 939 3583 -
957 3548 1027 3610 Argo
1045 3551 1111 3609 sipia
1128 3551 1206 3609 (siria
1222 3549 1271 3612 Ε.)

268 3630 314 3663 suo
331 3618 401 3661 caelo
415 3617 504 3676 BEGg.
525 3616 550 3663 b.
569 3619 646 3662 altero
668 3619 732 3662 ioco.
752 3641 785 3651 —
802 3618 930 3677 Arcusqus
949 3619 1006 3677 ipsa
1024 3621 1069 3678 pio
1090 3623 1160 3665 caelo
1178 3620 1226 3680 (g.)
1245 3622 1271 3670 b.

268 3688 345 3733 aitero
368 3689 431 3731 ioco.
468 3685 554 3742 (ibid.)
574 3683 708 3746 reseretur]
729 3688 757 3732 de
775 3701 799 3746 g.
820 3682 883 3732 cons.
902 3688 926 3731 b.
947 3712 980 3722 —
998 3687 1109 3748 ressa-tar
1126 3680 1217 3750 arog.
1239 3713 1270 3724 -

269 3756 404 3819 Argusque
418 3757 475 3816 ipsa
489 3757 531 3814 pio
553 3758 622 3801 caelo
637 3763 764 3801 resecetur·
782 3757 868 3817 imago
887 3771 907 3806 s.
922 3759 985 3802 roni.
1023 3753 1101 3821 (640)
1118 3759 1180 3818 tam)
1200 3763 1228 3805 de
1244 3774 1270 3819 g.

271 3829 364 3873 arnaud.
384 3828 421 3871 sb.
442 3847 476 3859 -
493 3840 549 3869 cum
567 3825 656 3885 BEGg.
704 3823 774 3881 (tit)
788 3825 860 3885 pius]
881 3828 908 3870 ds
926 3841 951 3887 g.
974 3830 1066 3873 emend.
1089 3829 1126 3873 sb.
1149 3851 1178 3861 -
1195 3830 1273 3889 prins

268 3898 357 3957 BEGg.
401 3896 487 3953 (ibid.)
511 3894 598 3954 imam]
629 3899 658 3941 de
685 3909 709 3954 g.
735 3897 798 3940 coni.
826 3897 864 3942 sb.
889 3920 922 3930 —
949 3896 1000 3940 ima
1024 3898 1073 3942 BE.
1103 3920 1132 3931 -
1154 3912 1204 3942 una
1222 3899 1270 3958 (ἔς.

268 3965 340 4024 (tit)
361 3992 393 4002 -
413 3979 513 4027 cygnus
538 3965 585 4024 Gg.
615 3989 647 4000 ·-
671 3968 764 4027 cignus
787 3966 817 4016 Β.
866 3963 942 4029 (itt)
966 3966 1040 4025 Ataia
1067 3973 1090 4012 st
1114 3966 1271 4037 Andromede
