2834 4630
249 343 310 405 216
861 330 878 363 ⁸

253 485 356 565 probe
368 481 472 556 norit,
485 490 551 544 tum
564 480 656 544 etiam
669 478 873 565 Fulgentium
883 511 922 523 -
931 475 1256 555 utCommodianum‚

255 589 385 669 po‘e'tam
400 607 533 668 prorsus
546 586 720 668 plebeium,
740 596 770 646 et
789 582 988 666 Corippum‚
1011 582 1262 646 infelicissimum

256 701 398 750 veterum
423 674 631 765 imitatorem,
662 668 780 749 tace-am
806 721 844 732 -
866 708 924 748 nae
949 687 1002 749 ille
1024 687 1108 748 baud
1129 687 1262 748 multum

171 872 172 875 Ἴ
195 788 199 793 ’
256 789 444 854 abhorrebit
456 793 561 865 abbae
572 813 637 853 inea
649 790 813 852 sententia.
831 790 932 869 Quatn
941 789 1158 854 remissionem
1168 787 1263 850 animi

258 916 296 957 ao
313 893 523 960 voluntariam
549 893 805 966 dissolutionem,
841 894 972 954 liberam
994 905 1097 955 tamen
1125 915 1142 954 a
1168 891 1263 975 flagi-

258 1100 399 1164 obnoxia
430 1122 495 1177 non
524 1100 581 1175 sit,
616 1098 715 1161 totius
743 1121 849 1161 rerum
876 1110 1008 1161 naturae
1040 1099 1260 1160 amoenitatem

257 1204 383 1285 penitus
409 1203 707 1285 persentiscentem‚
738 1203 782 1263 uti
803 1224 819 1264 a
841 1201 1003 1286 plerisque
1023 1203 1200 1266 mortalium
1224 1200 1262 1261 fit

257 1309 287 1370 in
307 1306 409 1375 beatis
427 1307 487 1367 illis
503 1305 690 1390 regionibns
706 1304 836 1381 Italiae,
863 1306 1053 1387 Hispaniae,
1067 1305 1152 1368 olim
1168 1303 1272 1365 etiam.

259 1409 393 1474 Africae
414 1408 617 1490 provinciae3
641 1409 752 1483 talem,
775 1409 920 1493 inquam,
946 1408 999 1471 ubi
1016 1409 1151 1471 hominis
1169 1407 1270 1470 indo-·

259 1514 321 1575 lem
353 1511 457 1575 animo
490 1512 548 1573 tibi
576 1511 820 1588 informaveris,
859 1515 891 1574 id
920 1516 1007 1596 qnod
1034 1533 1108 1575 saue
1137 1508 1264 1573 difficile

262 1615 480 1680 severioribus
511 1624 568 1679 est'
585 1614 770 1686 Germanis,
809 1615 883 1676 mibi
908 1616 1051 1690 facilius,
1077 1615 1131 1699 qui
1156 1614 1264 1679 adolee

262 1741 354 1782 scens
376 1730 496 1801 septem
517 1740 576 1800 per
602 1739 701 1782 anuos
727 1719 838 1782 Italiae
860 1719 1114 1782 florentissimam
1141 1729 1265 1799 partem

265 1821 406 1900 incolui,
435 1821 565 1907 aequius
587 1821 650 1884 iam
674 1832 706 1884 et
731 1822 848 1884 rectius
869 1821 1021 1884 iudicabis
1044 1825 1082 1884 de
1106 1824 1266 1886 Pnuvmr·

265 1948 322 1990 mo
346 1927 515 2000 Vnnems,
540 1927 627 2008 quod
645 1926 750 1988 Momr
765 1938 818 1988 arat
834 1927 1005 1989 Pnuroms
1020 1927 1264 1999 Panvaommm,

264 2043 300 2094 ut
321 2029 403 2093 velle
429 2022 556 2091 videtur
584 2028 770 2113 philologus
788 2029 864 2102 ille,
891 2028 1021 2091 omuino
1042 2050 1111 2092 esse
1131 2049 1189 2092 neo
1206 2051 1268 2110 po-

263 2144 349 2197 terat
371 2154 429 2195 nee
450 2134 608 2206 debebat3
646 2154 705 2194 nec
733 2153 811 2195 vero
838 2143 872 2194 tu
894 2132 966 2196 talis
986 2133 1148 2221 poematis
1168 2134 1269 2194 verba

265 2249 297 2300 et
317 2235 487 2300 sententias
503 2233 628 2320 rediges
653 2238 692 2298 ad
711 2237 855 2319 regulam
871 2237 923 2299 vel
945 2233 1064 2300 Catulli
1088 2236 1139 2298 vel
1159 2237 1268 2298 Hora-

266 2339 320 2415 tii,
345 2360 482 2423 quorum
501 2339 642 2403 fortasse
663 2360 703 2402 ex
724 2352 816 2421 parte
839 2339 979 2401 aemulus
995 2339 1149 2407 evasisset
1170 2343 1268 2420 poe'ta

222 2446 228 2453 '
267 2454 398 2517 noster,
422 2463 532 2506 eorum
556 2442 583 2505 si
604 2442 745 2527 aequalis
762 2442 888 2507 fuisset.
933 2444 1026 2504 Nunc
1041 2444 1092 2504 vel
1108 2444 1175 2523 ipsa
1190 2454 1270 2505 tem·

267 2565 352 2627 pora
380 2547 568 2620 obstabant,
604 2567 670 2629 quo
700 2547 801 2610 minus
830 2567 887 2609 eos
921 2528 1154 2629 aequipararet.
1208 2547 1273 2615 Sed

166 2730 169 2735 Ἴ
269 2648 387 2710 utinam
403 2649 493 2728 plura
510 2648 602 2727 etiam
618 2648 691 2710 talia
708 2670 810 2732 neque
823 2650 933 2730 peiora
950 2649 1041 2712 nobis
1054 2652 1280 2729 superessentl.

271 2752 428 2813 Libenter
449 2750 594 2833 equidem
617 2753 750 2812 alterum
772 2754 882 2814 saltem
906 2753 1095 2817 Pisaurense
1117 2751 1274 2816 Christia-

271 2874 387 2941 norum
401 2855 571 2934 poetarum
587 2854 737 2941 uolumen
760 2855 811 2917 vel
834 2855 927 2918 bodie
948 2856 1079 2919 flammis
1101 2858 1280 2939 traderem,

273 2957 300 3020 si
323 2956 540 3037 huiuscemodi
562 2956 683 3041 aliquot
705 2958 870 3041 gentilium
887 2981 988 3044 nugas
1004 2959 1062 3022 illo
1076 2980 1203 3041 possem
1222 2980 1272 3021 re·

270 3063 401 3123 diruere.

339 3166 403 3226 Sed
425 3175 604 3240 teneamus,
629 3188 711 3250 qnae
734 3168 903 3231 habemuse
933 3165 1107 3252 iisdemque
1131 3178 1271 3240 utamur,

275 3279 310 3330 ut
337 3280 584 3332 consentaneum
617 3282 745 3332 nostrae
767 3284 815 3334 est
845 3271 1039 3352 disciplinae.
1085 3270 1164 3352 Quis
1193 3291 1272 3355 vero

275 3370 487 3454 Pervigilium
510 3374 572 3433 hoc
594 3374 830 3455 composuerit,
864 3375 1015 3438 mortales
1039 3395 1121 3437 nuno
1142 3394 1274 3454 prorsus

276 3473 446 3556 ignorant,
477 3475 572 3557 idque
601 3477 704 3539 solum
726 3487 843 3554 restat,
883 3487 917 3539 ut
944 3476 1108 3540 erroribus
1131 3480 1169 3540 de
1190 3488 1277 3540 certa

203 3602 208 3613 ·
277 3577 381 3659 aliqua
405 3598 543 3658 persona
567 3579 618 3641 vel
640 3579 700 3641 iam
722 3580 843 3662 pridem
868 3581 921 3643 rel
947 3603 1048 3661 nuper
1069 3580 1164 3643 etiam
1187 3600 1277 3662 spar-

278 3679 320 3741 sis
347 3679 474 3742 obviam
503 3702 622 3744 eamus.
681 3683 732 3746 De
762 3682 891 3748 Catullo
920 3682 1103 3747 Veronensi
1137 3684 1215 3747 Aldi
1248 3692 1277 3745 et

279 3782 431 3859 Ermmi,
462 3785 499 3846 de
523 3783 651 3861 Catullo
682 3787 859 3867 Urbieariov
880 3787 1053 3872 Scaligeri,
1091 3791 1131 3850 de
1157 3785 1280 3849 Barthii

280 3888 419 3961 Seneca,
445 3887 570 3950 nomine
599 3910 656 3968 per
677 3889 809 3952 mediam
833 3902 964 3952 aetatem
980 3891 1055 3954 ‚sere
1077 3890 1276 3972 promiscuo,

214 3981 221 3984 ’
280 3990 319 4050 de
335 3989 488 4053 Seriverii
502 3992 652 4055 Luxorio
663 4037 672 4070 ,
684 4047 685 4050 ,
697 3997 794 4074 po'e‘ta
817 4016 951 4077 prorsus
970 3994 1162 4059 scholastico
1179 4013 1278 4076 neque
