2834 4630
132 1724 137 1757 l

278 232 286 263 1

280 329 324 395 51

277 468 420 533 Virtutis
443 468 559 535 omnis.
581 469 812 554 impedimento
833 483 881 538 cst
899 472 1010 538 timor.

280 571 349 638 Ubi
369 571 488 638 iudicat
504 573 559 660 qui
586 586 727 640 accusat.
752 596 818 641 non
840 576 894 640 lex
915 576 1089 661 valet.sed
1109 574 1269 640 violentia

785 690 914 764 regnat.

281 781 404 845 Verum
417 784 564 866 estquod
582 804 645 865 pro
660 783 774 847 salute.
789 783 827 845 fit
840 783 1028 868 plerumque
1043 781 1255 849 mendacium.

281 882 347 950 Ubi
363 905 451 955 emes
468 882 582 949 aliena.
604 884 748 950 invenies
767 885 850 968 (sic)
863 906 992 949 necesse
1007 897 1056 949 est
1067 897 1133 950 tua.

485 987 612 1057 Omnia
632 990 682 1054 ric
703 989 741 1055 in
762 1001 909 1075 utroque
931 988 1057 1052 codiee.

646 1164 913 1234 osu

333 1278 401 1343 lam
422 1277 581 1344 eCodice
604 1278 775 1344 Turiccusi
796 1277 937 1346 inserere
959 1280 1036 1347 licet
1056 1280 1165 1346 Publii
1187 1280 1265 1360 Syri

280 1380 452 1447 Sententiis
478 1383 536 1444 has
557 1405 642 1445 nunc
665 1382 803 1466 primum
823 1382 1000 1449 inventast„
1015 1382 1137 1465 (minus
1152 1394 1270 1461 ¹certae

280 1484 436 1550 asterisco
462 1496 589 1579 uptatae
607 1484 717 1568 suntt)
998 1493 1001 1497 ’
1127 1490 1130 1491 ’

746 1566 750 1585 l

323 1625 406 1689 Cum
425 1637 523 1689 semet
540 1624 642 1689 vincit
659 1625 803 1709 sapiens,
827 1625 953 1691 minime
970 1625 1122 1692 vincitur.

321 1728 586 1795 Contrnhostem
598 1729 777 1794 autfortem
787 1741 918 1813 oportet
930 1753 999 1795 esse
1010 1742 1062 1794 aut
1073 1729 1263 1814 simplicem.

277 1837 298 1874 i
320 1830 397 1896 Cito
417 1832 543 1915 culpam
563 1830 715 1916 effugies,
738 1831 766 1896 si
782 1833 955 1897 incurrisse
976 1832 1133 1917 poenitet.

277 1940 297 1977 ’³³
319 1922 403 1999 Cum¹
419 1933 552 2000 inimico
572 1934 734 2019 ignoscis,
757 1937 879 2001 amicos
897 1938 1080 2019 complures
1098 1935 1200 2020 paris.
1252 1935 1256 1939 ’

320 2037 428 2102 Etiam
449 2037 517 2102 sine
534 2037 608 2122 lege
629 2051 769 2121 poenast
790 2039 998 2104 conscientia.
1247 2042 1265 2105 5

317 2138 454 2206 Decima
467 2143 551 2206 hora
567 2141 688 2206 amicos
702 2142 810 2225 plures
826 2165 920 2227 quarn
934 2143 1038 2226 prima
1051 2142 1187 2209 invenis.

321 2245 508 2309 Famulatur
529 2245 692 2321 dominus,
714 2244 770 2308 ubi
784 2244 891 2323 timet,
915 2246 1031 2333 quibus
1051 2249 1201 2333 imperat.

277 2354 296 2391 i
318 2349 445 2413 Freuos
464 2347 594 2431 impone
613 2348 759 2433 linguae,
783 2349 859 2431 peni
880 2351 1018 2433 saepius.

276 2457 296 2495 i
320 2455 461 2529 Gravat,
485 2455 574 2538 quod
595 2452 704 2516 fronte
726 2452 809 2515 laeta
828 2456 898 2529 das,
922 2454 1008 2518 tristi
1030 2456 1146 2540 accipi.

319 2554 461 2622 Humilis
480 2577 541 2619 nec
558 2556 620 2619 alte
644 2559 759 2619 cadere
780 2578 839 2619 nec
862 2557 1006 2641 graviter
1025 2571 1143 2642 potest.
1226 2563 1266 2624 10

319 2661 532 2724 Honestateru
552 2659 678 2734 laedes,
701 2681 796 2742 quum
819 2682 882 2742 pro
897 2654 1033 2746 indigno
1056 2675 1157 2745 petes.

320 2761 414 2828 Mala
436 2773 484 2826 est
504 2760 630 2843 iuopia,
654 2780 735 2846 quae
758 2760 899 2828 nascitur
916 2786 957 2828 ex
976 2764 1084 2847 copia.
1165 2754 1169 2763 ⁴

277 2872 295 2910 i*
320 2867 398 2930 Non
418 2864 490 2929 leve
509 2863 698 2928 beneficium
719 2877 877 2947 praestat,
900 2856 956 2952 qui
979 2868 1045 2932 cito
1067 2881 1176 2954 negat.

276 2975 296 3014 ‘i‘
321 2970 435 3035 Placet
457 2966 567 3039 amicis
590 2967 677 3044 olus,
697 2971 790 3055 ‘quod
808 2990 895 3032 mens
918 2971 1030 3034 condit
1047 2975 1145 3040 bona.

318 3072 424 3149 Petit,
447 3070 503 3158 qui
524 3069 692 3148 irascitur,
714 3069 891 3154 periculum
914 3072 988 3139 sibi.
1169 3136 1173 3147 ,
1223 3077 1263 3143 15

276 3176 295 3214 'i
323 3175 387 3256 Qui
408 3186 506 3240 semet
527 3186 672 3250 accuset,
696 3173 830 3238 crimine
849 3196 914 3239 non
935 3176 1070 3262 indiget.

319 3279 537 3365 Quoscuuquc
562 3276 722 3343 calamitas
747 3277 889 3362 quaerit,
912 3270 1008 3343 facile
1030 3281 1165 3348 invenit.

320 3382 418 3463 Quod
439 3392 487 3445 est
507 3393 691 3458 venturum,
722 3380 847 3465 sapiens
868 3380 960 3468 quasi
980 3405 1131 3467 praesens
1154 3398 1259 3451 cavet.

327 3581 404 3642 (106)
421 3584 506 3629 Abest.
525 3584 582 3630 Fuit
598 3584 717 3631 fortusse:
738 3583 832 3631 Virtuti
848 3585 917 3653 omni
933 3586 1109 3645 impedimento
1118 3585 1209 3648 soltus
1223 3596 1262 3636 cet

271 3653 373 3715 puden
393 3659 418 3697 ut
432 3668 504 3710 supro
521 3668 614 3714 quoque
634 3671 657 3719 y.
675 3653 717 3702 85.
731 3658 844 3701 timorem
854 3658 1014 3713 interpolator
1026 3659 1149 3705 substituit
1156 3659 1258 3719 pudori.

276 3723 347 3783 (107)
364 3725 448 3769 Abest.
479 3726 682 3771 Videturfuisse:
715 3725 761 3771 Ubi
775 3725 885 3782 iudicat,
918 3728 961 3788 qui
980 3735 1097 3784 recurat,
1127 3729 1181 3785 ric,
1211 3743 1261 3774 non

274 3799 334 3848 lex,
353 3797 427 3841 rotet.
464 3791 543 3854 (108)
561 3807 592 3839 =
611 3793 671 3842 771.
690 3796 722 3842 0.
747 3806 779 3840 z
804 3793 863 3843 915.
883 3797 913 3843 Β.
929 3807 968 3844 ω
984 3813 1033 3844 om.
1048 3799 1259 3858 plerumqucOB.

274 3864 349 3924 (100)
366 3862 451 3909 Abest.
477 3865 547 3910 Latet
572 3865 677 3912 fortasse
703 3867 728 3915 in
755 3867 793 3920 his
820 3867 917 3922 ineptiis
944 3869 1061 3914 sententis
1079 3869 1259 3915 huiuscemodi:

276 3936 322 3982 Ubi
338 3942 411 3980 emus
427 3935 527 3990 uliano,
551 3934 683 3997 disperties
701 3950 801 3994 semper
818 3942 871 3982 tun.
907 3936 1004 3982 Etenim
1018 3951 1088 3993 saepe
1103 3940 1262 3996 interpolator

275 4008 411 4062 contrario,
431 4007 504 4051 veluti
523 4005 635 4051 invenire
652 4011 677 4052 et
691 4006 812 4065 perdere,
832 4008 895 4053 iuter
913 4021 939 4053 sc
957 4008 1109 4064 perrnuuvtt.
