2870 4626
163 469 288 531 Arcem
309 473 459 546 tyrannus
481 470 617 546 occupat
638 459 836 526 Pisistratus.

165 571 275 650 Quum
296 568 416 631 tristem
439 568 622 631 servitutem
642 566 758 629 flerunt
779 563 897 638 Attici,

164 673 257 750 (Non
279 670 351 755 quia
373 670 507 733 crudelis
529 668 602 746 ille,
626 671 682 732 sed
704 666 851 752 quoniam
873 685 971 748 grave

164 775 272 839 Omne
293 772 422 836 insuetis
445 776 540 849 onus)
561 782 593 834 et
614 771 792 853 coepissent
814 767 920 852 queri,

166 880 320 960 Aesopus
340 878 436 940 telem
457 887 520 938 tum
541 874 688 939 fabellam
710 871 845 935 rettulit.

200 981 320 1044 Ranae
340 989 493 1063 vagantes
514 976 621 1040 liberis
645 975 813 1058 paludibus

166 1082 321 1148 Clamore
341 1101 456 1164 magno
478 1101 585 1164 regem
606 1078 725 1161 petiere
748 1098 765 1139 a
787 1077 886 1153 Iove,

167 1185 235 1264 Qui
256 1184 424 1259 dissolutos
447 1204 551 1246 mores
573 1182 606 1246 vi
626 1191 853 1262 compesceret.

166 1280 269 1355 Pater
290 1289 420 1348 deorum
442 1284 510 1348 risit
532 1298 626 1368 atque
646 1284 708 1347 illis
731 1283 815 1346 dedit

167 1390 310 1454 Parrum
332 1387 484 1475 tigillum,
507 1387 634 1450 missurn
656 1389 742 1469 quod
764 1384 870 1450 subito
892 1385 965 1448 vadi

167 1492 267 1557 Motu
288 1510 432 1574 sonoque
453 1490 566 1553 terruit
586 1490 735 1572 pavidum
759 1510 872 1574 genus.

162 1583 246 1658 ⁴Hoc
266 1614 401 1656 mersum
422 1592 498 1657 limo
520 1615 616 1678 quum
637 1593 754 1656 iaceret
775 1591 909 1667 diutius,

167 1694 270 1761 For'te
291 1716 352 1758 una
372 1694 465 1759 tacite
485 1695 611 1778 profert
632 1715 649 1759 e
671 1692 786 1780 stagno
808 1703 904 1777 caput

168 1800 214 1863 Et
236 1799 403 1880 explorato
424 1819 502 1883 rege
523 1809 651 1861 cunctas
673 1807 799 1863 evocat.

167 1901 248 1966 Illae
270 1901 382 1965 timore
403 1900 512 1983 posito
533 1901 677 1964 certatim
699 1903 847 1964 adnatant

168 2002 372 2087 Lignumque
393 2024 488 2086 supra
508 2005 601 2066 turba
621 2004 765 2086 petulans
784 2002 901 2067 insilit:

165 2105 268 2186 Quod
289 2127 383 2191 quum
404 2100 618 2190 inquinassent
640 2104 725 2170 omni
746 2106 953 2182 contumelia,

170 2196 278 2272 Alium
298 2210 448 2292 rogantes
470 2228 579 2291 regem
600 2208 713 2270 misere
736 2209 775 2270 ad
795 2208 926 2283 Iorem;
998 2232 1001 2237 ·

169 2309 292 2374 Inutilis
314 2309 461 2394 quoniam
482 2320 564 2373 esset
585 2306 639 2394 qui
659 2310 762 2373 suerat
783 2312 886 2373 datus.

140 2470 143 2481 ,
171 2414 254 2476 Tum
279 2412 361 2476 misit
381 2411 441 2475 illis
462 2413 616 2492 hydrum,
639 2413 695 2498 qui
716 2415 808 2477 dente
829 2434 945 2496 aspero

172 2512 346 2598 Corripere
368 2514 473 2599 coepit
494 2515 651 2600 singulas:
672 2516 790 2580 frustra
813 2537 919 2582 necem
956 2529 960 2539 ’
1122 2516 1163 2581 25

169 2737 375 2782 insuetisouue:
402 2748 460 2793 quas
488 2736 558 2780 lectio
579 2736 603 2780 in
625 2735 702 2782 Codd.
719 2736 781 2782 Mus.
804 2741 903 2781 testante
931 2734 1028 2792 Gudio,
1056 2743 1162 2785 atcerte

171 2821 218 2851 non
235 2807 259 2850 in
287 2805 347 2850 Cod.
372 2804 566 2851 Rosanbonieno.
587 2806 681 2862 (Fuisse
708 2807 800 2851 ridetur
819 2808 842 2851 in
867 2807 937 2852 Rem.
965 2806 1024 2862 Oa.)
1052 2808 1164 2853 Ceterum

172 2876 274 2931 pei-levis
291 2875 403 2919 momenti
425 2878 462 2920 est
481 2874 505 2917 in
525 2874 586 2919 God.
604 2876 672 2920 huius
691 2876 774 2920 aetatis
802 2876 922 2921 distinctio
939 2875 1051 2921 vorum!
1084 2878 1162 2922 Beue.
1200 2912 1201 2915 η

172 2942 257 3001 (lbid.)
274 2943 354 2999 ¹‚Cod
372 2945 475 2999 primum
492 2956 553 2988 onus
571 2956 605 2999 ο)
625 2947 709 2991 deinde
735 2952 870 2991 correctum
887 2958 951 2992 onus
979 2953 1017 2991 est
1034 2953 1074 3001 et,
1102 2949 1165 2992 linea
1216 2955 1220 2963 “

171 3016 282 3070 imposita
308 3016 333 3058 in
355 3027 382 3068 e,
407 3018 432 3058 ut
452 3013 557 3058 librariis
577 3028 630 3058 mos
655 3020 709 3069 est,
739 3016 875 3073 adiectaque
896 3012 955 3061 vore
975 3023 1007 3062 et.
1049 3017 1164 3062 Pithoeus

171 3084 259 3128 omittit
272 3089 319 3128 est.
355 3083 443 3127 Totum
460 3083 540 3127 locum
559 3084 592 3128 ita
609 3087 757 3131 emendatum
775 3100 788 3128 a
807 3085 943 3130 Burrnanuo
963 3087 1060 3141 (imino,
1092 3087 1164 3132 llein-

171 3154 218 3208 sip.
243 3149 303 3210 On.)
321 3153 410 3208 recepit
428 3152 540 3197 Schwabe
562 3155 593 3199 V.
616 3154 655 3198 ct.
678 3163 716 3202 oto
733 3155 849 3213 quoniam
866 3168 942 3216 grues
961 3153 1039 3199 Omns
1057 3156 1164 3200 incidetis

170 3236 236 3267 onus
248 3228 272 3266 et
282 3236 305 3266 e.
319 3236 342 3280 q.
350 3223 364 3243 ”
381 3222 458 3266 Beue.
494 3223 598 3268 Hccnos
612 3236 703 3282 quoqne
719 3216 886 3280 praetulimus:
906 3225 948 3269 ino
967 3227 990 3268 in
1012 3238 1035 3269 v.
1056 3223 1164 3270 Omnino

170 3298 208 3337 est
233 3306 245 3336 e
270 3292 426 3350 geminatione
453 3292 498 3336 litt.
524 3293 573 3336 ins.
611 3291 703 3348 (lbid.)‘
719 3292 801 3352 quen]
830 3294 933 3348 „Primo
962 3296 1056 3340 solum:
1083 3307 1162 3355 quer-3

169 3362 253 3405 deinde
279 3362 425 3405 correctione
449 3362 565 3405 adiectum
588 3362 622 3406 e'.'¹
655 3363 733 3406 Beue.
776 3361 828 3416 (11)
852 3360 958 3420 petiere]
982 3364 1050 3417 „P.:
1067 3372 1162 3423 petere.

168 3431 258 3475 Postea
276 3435 424 3476 correctum:
440 3431 561 3488 petiere.'’
579 3433 656 3475 Beue.
692 3429 747 3488 (12)
765 3429 799 3489 ui]
816 3446 840 3487 p.
860 3433 886 3478 S.
906 3456 939 3466 —
958 3439 984 3477 ut
1002 3433 1032 3478 P.
1050 3435 1080 3478 R.
1104 3441 1163 3480 teste

170 3500 248 3546 Gudio
266 3512 320 3558 pag.
342 3496 383 3544 23.
428 3497 483 3557 (14)
510 3495 577 3560 rudi]
596 3502 626 3545 P.
645 3500 676 3544 lt.
692 3501 719 3544 S.
739 3524 771 3534 ·-
789 3501 859 3546 codis
877 3515 900 3557 p.
921 3504 983 3548 Zell.
1011 3529 1043 3538 -
1066 3506 1114 3550 teet
1131 3506 1161 3549 Α.

168 3567 226 3628 (16)
244 3566 347 3628 duceret]
364 3571 393 3614 P.
413 3569 443 3614 R.
462 3583 486 3625 p.
507 3594 539 3604 --
557 3571 665 3614 lateret:
694 3571 800 3625 „Melius
821 3573 935 3618 Schwabe
953 3574 988 3618 vir
1008 3577 1163 3630 praestantis·

168 3638 269 3684 simus.”
285 3639 362 3686 Beue.
398 3639 426 3682 ln
443 3645 525 3683 nostra
541 3641 642 3684 lectione
663 3653 719 3684 sane
740 3654 912 3696 supervacanea
930 3644 976 3688 ista
999 3650 1035 3688 est
1053 3646 1163 3689 ernenda-

168 3709 212 3751 tio.
249 3708 334 3765 Utique
360 3711 474 3762 Anonyru.
496 3709 611 3754 Niluntii:
642 3707 742 3753 Mersus
760 3702 821 3756 lieno
838 3727 912 3771 qurum
930 3703 1036 3757 laterent
1048 3713 1162 3766 diutius;

169 3779 228 3821 unde
247 3779 341 3832 prodit:
368 3772 416 3821 Hic
434 3792 531 3825 mersus
554 3780 572 3823 l.
598 3794 621 3838 q.
641 3779 747 3824 laterent
763 3779 788 3824 d.
813 3785 851 3826 rel
872 3782 1008 3826 Immersoe
1026 3789 1093 3840 cet.;
1118 3784 1162 3825 hoc

169 3861 221 3890 curn
241 3849 320 3891 Bentl.
357 3846 410 3901 (17)
439 3845 523 3904 recita]
551 3850 651 3902 „Prima
679 3851 747 3894 lectio
774 3857 865 3905 tacete,
897 3854 1045 3897 correctione
1073 3853 1160 3895 fucta.''

168 3917 246 3961 Beue.
294 3913 350 3973 (ld)
379 3941 411 3951 ·-
441 3915 552 3977 aduocat]
582 3919 612 3962 Α.
660 3916 712 3974 (20)
742 3920 831 3980 supro]
861 3936 883 3976 p.
912 3924 937 3966 S.
970 3947 1001 3955 --
1032 3935 1107 3977 super
1130 3921 1159 3962 Ρ.

170 3984 221 4065 (26)
233 3982 343 4047 fugiunt
359 4000 384 4044 g.
420 3988 446 4032 lu
464 3989 536 4047 Ber-g.
558 3988 603 4037 Ed.
622 3991 672 4034 siue
691 3991 738 4036 ulla
752 3993 902 4037 annotatione
922 3997 958 4036 est
969 3988 1086 4050 fugitant
1104 3990 1160 4044 (sic-
