2870 4626
186 410 389 490 Romamque
411 419 634 488 pertraxerunt
657 412 696 471 ad
717 412 941 474 centumviros.

186 511 336 594 Maligna
357 510 512 573 insontem
534 511 680 592 deprimit
702 511 858 593 suspicio,

186 614 286 698 Quod
307 614 390 679 bona
412 612 584 692 possideat.
629 616 719 676 Stant
741 614 866 696 patroni
879 614 1015 679 -lortiter

111 792 113 797 ι
187 714 328 779 Causam
349 726 473 778 tuentes
493 714 667 779 innocentis
689 714 836 779 feminae.

112 800 118 813 .
233 818 265 881 A
287 816 374 881 Divo
395 819 545 900 Augusto
566 827 641 880 tunc
662 818 783 899 petiere
804 816 944 897 iudicesg

187 921 237 984 Ut
258 920 419 982 adiuvaret
440 918 518 983 iuris
540 920 661 982 iurandi
682 921 792 996 fidem,

189 1021 329 1102 Quando
350 1021 438 1103 ipsos
459 1044 552 1086 error
573 1019 779 1104 implicuisset
802 1021 955 1086 criminis.

189 1123 257 1204 Qui
278 1135 444 1206 postquam
467 1127 613 1197 tenebras
636 1125 764 1206 dispulit
785 1125 955 1189 calumniae

95 1310 98 1315 ⁶
192 1226 389 1312 Certumque
409 1227 529 1291 sontem
553 1227 692 1291 veritatis
714 1227 877 1310 repperit,

188 1330 295 1404 Luat,
319 1328 444 1414 iuquit,
465 1351 584 1411 poenas
606 1351 698 1393 carisa
722 1330 854 1392 libertus
877 1329 960 1393 mali.

187 1434 336 1516 Namque
358 1434 469 1496 orbam
491 1445 567 1497 nato
589 1433 679 1495 simul
703 1444 735 1496 et
756 1431 912 1514 privatam
937 1433 1008 1498 siro

189 1535 406 1597 Miserandam
427 1533 533 1616 potius
555 1555 646 1617 quam
669 1536 870 1597 damnandam
894 1535 1051 1602 existimo.

191 1639 290 1717 Quod
310 1635 338 1699 si
359 1637 460 1701 delata
480 1649 695 1719 perscrutatus
717 1636 846 1701 crimina

191 1738 425 1803 Paterfamilias
447 1751 548 1816 esset,
573 1740 600 1801 si
622 1740 816 1803 mendacium

191 1842 355 1905 Subtiliter
376 1841 531 1915 limas'set‚
556 1863 572 1903 a
595 1841 751 1905 radicibus

191 1946 267 2008 Non
290 1944 456 2008 evertisset
477 1945 595 2007 scelere
616 1944 904 2009 litnesto'domum.
1143 1950 1185 2013 50

185 2072 191 2097 ι
233 2047 289 2109 Nil
311 2058 440 2130 spernat
461 2047 560 2122 auris,
584 2068 641 2111 nec
662 2059 766 2110 tamen
787 2050 894 2119 credat
915 2048 1036 2113 statim:

192 2149 457 2233 Quandoquidem
479 2161 510 2212 et
532 2147 576 2211 illi
598 2160 748 2229 peccant,
773 2171 854 2232 quos
877 2150 1000 2214 minime
1021 2163 1133 2236 putes,

190 2256 237 2317 Et
258 2252 394 2337 quinon
417 2264 548 2333 peccant
569 2252 792 2335 impugnantur
813 2251 990 2316 fraudibus.

235 2356 311 2419 Hoc
332 2358 501 2418 admonere
523 2353 681 2436 simplices
703 2357 794 2417 etiaim
816 2367 942 2436 potest,

192 2456 354 2540 Opinione
377 2457 505 2519 alterius
527 2458 662 2541 nequid
683 2460 878 2538 ponderent:

191 2560 336 2625 Ambitio
359 2581 492 2644 namque
515 2560 665 2623 dissidens
688 2559 865 2624 mortalium

192 2666 261 2727 Aut
284 2662 403 2746 gratiae
425 2663 596 2725 subscribit
618 2674 670 2725 aut
692 2663 766 2729 odio
789 2685 861 2726 sno.

191 2766 265 2830 Erit
285 2766 338 2827 ille
360 2777 470 2841 cottis,
496 2788 587 2849 quem
610 2788 669 2846 per
692 2779 723 2828 te
744 2768 951 2850 cognoveris.
972 2800 975 2809 »

234 2870 325 2930 Hace
347 2880 510 2929 exsecutus
532 2890 599 2929 sum
622 2880 795 2950 propterea
816 2869 978 2951 pluribus,

192 2971 357 3035 Brevitate
380 2968 472 3031 nimia
494 2969 642 3053 quoniam
665 2973 818 3053 quosdam
840 2972 1038 3035 offendimus.
1146 2972 1188 3034 60

191 3223 225 3265 iu
243 3221 267 3264 in
286 3233 357 3263 unum
387 3219 481 3263 sonitui
509 3223 578 3263 sunt:
610 3217 658 3279 Qui
680 3224 812 3278 postquam
828 3215 938 3278 jbntem'
951 3218 1064 3265 veritatis
1082 3218 1184 3276 reperit.

192 3287 251 3348 (tt)
268 3313 301 3323 -
315 3300 412 3346 poenos
426 3289 554 3346 pessimus
571 3288 676 3332 liberius
695 3289 724 3332 N.
769 3286 826 3346 (li)
846 3299 877 3331 =
898 3300 928 3330 ne
941 3301 984 3345 pr.
1005 3288 1035 3334 Ν.
1070 3285 1128 3346 (ll)
1145 3287 1187 3333 de·

191 3356 256 3416 inte]
274 3359 356 3406 Bnrm.
376 3359 490 3417 Hensiog.
511 3358 537 3402 S.
560 3379 590 3394 «-
609 3359 701 3402 Firmut
717 3358 863 3414 aliquatenus
884 3356 932 3401 N.:
952 3381 984 3392 -
1003 3355 1111 3402 delatum
1128 3358 1188 3402 bene
1249 3350 1252 3359 ¹

192 3433 321 3473 scrutatus
341 3428 445 3472 crimen.
464 3448 498 3463 -
516 3426 660 3471 damnande
677 3427 706 3473 P.
725 3427 765 3483 ll.=
776 3441 799 3482 p.
818 3445 853 3460 -
872 3422 981 3484 nefanda
993 3427 1110 3480 Anonymi
1120 3441 1186 3483 susp.

192 3495 250 3552 (ts)
276 3493 476 3555 Pateqsnmiiics]
506 3497 537 3541 ll.
562 3510 585 3551 p.
614 3498 640 3540 S.
669 3517 698 3528 -
725 3491 914 3554 Paterfamilias
937 3496 966 3543 P.
997 3498 1045 3552 (De
1068 3497 1098 3541 ll.
1125 3497 1187 3542 band

193 3560 308 3623 cossim.)
341 3565 401 3623 (51)
427 3564 482 3624 Nil]
510 3567 540 3610 tt.
569 3579 592 3620 p.
620 3567 645 3609 S.
666 3589 698 3600 -
717 3563 789 3611 Nihil
806 3566 835 3609 P.
860 3565 890 3610 R.
938 3562 995 3621 (52)
1013 3573 1137 3625 -putus
1155 3566 1186 3610 Ν.

192 3627 289 3695 ibli—
313 3649 453 3682 aminonere
471 3637 501 3683 P.
519 3636 549 3682 R.
569 3648 592 3690 p.
630 3631 687 3691 (55)
706 3632 839 3692 Opinione}
857 3635 887 3682 ll.
904 3634 934 3679 P.
954 3637 980 3680 S.
1000 3657 1033 3670 -
1051 3633 1188 3692 Opinionem

193 3696 226 3763 ps
255 3705 342 3761 (Ibit.)
360 3719 390 3748 ne
414 3702 635 3764 qnid'pondereut]
653 3704 739 3749 Nescio
760 3705 798 3763 qni
814 3706 904 3760 primns
923 3705 958 3749 sic
978 3707 1118 3750 emendarit.
1155 3706 1189 3748 ilu

193 3766 331 3832 Iligaltiusi
355 3775 475 3819 'l'ribunnt
499 3775 608 3821 Heinsio.
644 3775 689 3819 Sed
717 3779 754 3818 est
773 3775 821 3819 iem
843 3775 866 3819 iu
885 3777 922 3818 ed.
942 3774 1015 3818 Fabri
1035 3771 1110 3822 1664.
1133 3777 1157 3817 et
1172 3786 1187 3816 e

194 3846 345 3898 correctione
373 3846 444 3889 etiem
468 3845 492 3888 in
518 3845 548 3888 R.
568 3867 601 3877 -
619 3858 649 3887 ue
667 3843 722 3902 quis
746 3843 867 3902 ponderet
884 3845 914 3888 P.
933 3843 963 3889 R.
983 3857 1051 3899 apr.
1073 3856 1106 3885 m.
1126 3845 1187 3886 teste

195 3917 264 3961 vinc.
283 3929 307 3974 p.
328 3914 371 3972 (-
391 3928 422 3960 ne
439 3914 482 3975 qui
498 3911 630 3979 rpouderet
639 3913 669 3959 R.
685 3918 744 3959 teste
754 3912 855 3971 Gudio.)
874 3908 934 3975 (59)
945 3924 977 3958 =
991 3915 1142 3972 exsequutus
1154 3909 1186 3955 u.
