2870 4626
165 483 271 547 Vetat
291 477 403 545 dimitti
423 497 554 563 maguus
574 475 647 540 illos
668 471 827 557 Iuppiter.

162 582 285 648 Mirati
306 582 365 647 sibi
387 581 509 665 legatos
531 600 594 643 nou
615 578 791 650 revertier,

166 688 282 769 Turpe
304 674 499 749 aestimantes
520 680 634 764 aliquid
658 679 855 743 commissum
879 697 895 738 a
918 674 1000 750 suis,
1038 732 1048 751 ,
1123 676 1161 741 15

65 778 72 781 ¹
163 790 253 854 Post
275 788 404 872 aliquod
424 799 547 868 tempus
570 784 649 847 alios
672 781 807 845 adscribi
828 780 949 842 iubent.

123 946 128 953 .
164 892 296 955 Rumor
316 890 439 974 legatos
462 886 641 969 superiores
662 884 816 967 prodidit.

167 994 332 1057 Timentes
355 1012 465 1054 rursus
488 988 604 1074 aliquid
626 1008 665 1051 ne
686 988 785 1050 simile
807 986 946 1062 accidat,

168 1096 284 1160 Odore
305 1095 433 1157 canibus
456 1114 546 1156 anum
568 1094 625 1155 sed
646 1091 744 1155 multo
767 1090 904 1171 replent.
1055 1164 1058 1170 .

166 1199 323 1263 Mandata
345 1199 439 1260 dant:
464 1195 563 1280 legati
582 1193 770 1267 mittuntur,
793 1191 898 1255 statim
1123 1191 1164 1254 20

166 1300 315 1366 Abeunt.
357 1300 525 1384 Rogantes
548 1298 680 1372 aditum,
704 1295 858 1360 continno
880 1294 1061 1376 impetrant.

170 1402 326 1469 Consedit
348 1401 474 1488 genitor
494 1413 560 1464 tum
583 1402 714 1477 deorum
736 1398 888 1480 maximus

99 1504 106 1512 ’
170 1506 371 1589 Quassatque
391 1505 529 1568 fulmen:
551 1516 690 1566 tremere
712 1521 847 1582 coepere
869 1499 971 1564 omnia

170 1606 280 1675 Canes
302 1607 446 1682 confusi,
469 1602 590 1670 subitus
612 1606 698 1688 quod
718 1605 823 1670 fuerat
843 1603 977 1688 fragor,

99 1790 105 1803 „
169 1711 316 1793 Repente
339 1714 470 1775 odorem
493 1709 622 1772 mixtum
645 1728 715 1771 cum
738 1704 853 1770 merdis
875 1716 995 1769 uacant.
1126 1704 1165 1768 25

97 1843 101 1848 ’
170 1813 358 1878 Reclamant
380 1833 509 1888 omues,
533 1810 748 1875 vindicandam
769 1808 925 1873 iniuriam.

172 1914 227 1980 Sie
248 1927 295 1979 est
316 1917 440 1980 locutus
463 1926 533 1977 ante
555 1934 689 1996 poenam
711 1910 879 1995 Iuppiterz
979 1970 984 1987 s

170 2019 315 2103 Legatos
337 2038 401 2082 non
422 2028 471 2081 est
490 2016 576 2102 regis
598 2038 662 2080 non
684 2016 862 2091 dimittere,

170 2122 241 2187 Nec
262 2132 310 2184 est
331 2119 453 2183 difficile
473 2140 594 2203 poenas
616 2118 728 2202 cnlpae
749 2118 935 2200 imponere;

159 2208 238 2288 'sed
257 2225 319 2287 hoc
339 2222 447 2286 feretis
468 2244 529 2305 pro
551 2204 667 2286 iudicio
688 2220 878 2304 praemium:
1124 2220 1167 2283 30

171 2327 248 2390 Non
270 2336 344 2389 veto
366 2323 497 2401 diruitti,
520 2342 630 2387 rerum
652 2323 784 2387 cruciari
806 2322 910 2400 same,
1014 2328 1019 2333 '

171 2429 224 2492 Ne
244 2438 385 2491 ventrem
407 2426 568 2492 continere
590 2449 654 2490 non
676 2427 797 2509 possint
818 2447 921 2492 snum..
945 2484 950 2493 .

129 2580 134 2589 .
171 2529 224 2594 Ilii
246 2540 368 2605 autem,
391 2529 446 2614 qni
467 2530 619 2593 miserunt
640 2551 701 2595 vos
723 2542 785 2593 tam
805 2526 933 2606 futiles,

105 2662 109 2667 ·
169 2634 339 2729 Nunquam
362 2635 515 2696 carebunt
536 2614 676 2697 hominis
698 2634 898 2698 contumelia.

98 2726 100 2729 ⁵
170 2735 222 2799 Ita
242 2756 325 2800 nnnc
344 2735 470 2818 legatos
494 2746 713 2818 exspectantes
734 2736 874 2818 posteri,

170 2833 302 2908 Novum
325 2837 434 2902 venire
456 2859 552 2922 quum
574 2837 685 2917 videt,
708 2840 811 2903 culum
835 2838 958 2905 oiiacit.

171 3089 205 3134 P.
226 3087 256 3132 n.
276 3084 334 3145 (,.In
355 3088 475 3132 reoeitier
501 3086 613 3134 iiBrarins
635 3089 747 3145 expunxit
773 3103 816 3145 er,
850 3089 942 3136 formae
970 3090 1039 3135 istius
1061 3089 1169 3146 poeticae

171 3159 276 3203 fortasse
294 3158 410 3204 insciua.'’
426 3155 517 3216 Bene.)
552 3155 608 3216 (15)
626 3156 732 3223 aliquid]
757 3172 780 3215 p.
802 3159 841 3207 ss
855 3182 890 3194 -
908 3159 1009 3219 aliquod
1023 3159 1102 3215 ΕΒ.
1123 3156 1169 3217 (-

172 3227 318 3272 commistum
333 3225 378 3282 Ρ.)
414 3225 466 3283 (16)
482 3242 516 3271 ·-ι-
535 3227 632 3279 adsciri
655 3230 739 3273 tribuit
760 3228 872 3273 Bemensi
892 3229 992 3274 Gudins.
1037 3230 1104 3273 Hand
1126 3238 1170 3274 no·

172 3298 231 3342 tavit
246 3298 315 3343 Viuc.
351 3294 406 3354 (19)
430 3298 523 3343 Pau-tic.
551 3297 598 3344 scd
617 3293 715 3354 impedit
735 3293 948 3343 constructionem
992 3299 1055 3343 Puto
1076 3299 1167 3346 fuisse:

170 3379 249 3411 onum
266 3364 352 3412 sedulo
375 3367 487 3425 replent,
512 3372 538 3412 ut
563 3368 685 3427 ingeniose
703 3369 805 3414 coniecit
820 3368 907 3413 Bothe.
948 3365 1003 3425 (20)
1021 3370 1060 3414 Sic
1077 3369 1168 3428 Rigalt.

171 3436 219 3481 Ed.
236 3432 260 3480 2.
279 3436 307 3480 S.
328 3457 357 3468 -
375 3434 501 3484 Mandant
521 3436 680 3482 diminuentur
700 3437 785 3482 stetim
811 3438 840 3482 P.
871 3437 901 3482 R.
921 3451 945 3495 p.
965 3436 1015 3496 (hic
1034 3453 1087 3483 cum
1106 3444 1169 3484 aste-

170 3503 398 3561 rtseopfflandasa
415 3505 523 3562 dantur,
552 3505 726 3552 diinittuntnr:
749 3504 776 3550 tt
796 3508 883 3552 atatim
905 3506 1019 3564 Adeunt5
1036 3515 1169 3569 rogantes-

172 3589 219 3636 que
233 3573 328 3619 aditum
350 3573 451 3632 Bothe.)
492 3573 550 3637 (21)
567 3574 672 3635 Abeunt]
691 3577 807 3621 Schefl'er.
827 3578 852 3623 S.
874 3598 904 3609 ·-
924 3577 1021 3622 Adeunt
1041 3579 1071 3624 P.
1094 3579 1124 3627 R.
1143 3592 1167 3634 p.
1206 3568 1208 3577 .

172 3641 227 3700 (24)
252 3641 331 3689 Genea
356 3641 470 3704 consuat,
496 3645 593 3691 subitus
622 3644 697 3706 qnod]
714 3647 777 3692 Gud.
803 3649 829 3692 S.
849 3671 883 3682 -—
901 3643 980 3693 Genea
1000 3649 1033 3704 (in
1055 3649 1085 3693 n.
1107 3652 1169 3693 teste

173 3713 236 3759 Gnd.
255 3728 270 3758 a
284 3728 321 3771 pr.
345 3728 378 3759 m.
397 3712 482 3770 conia)
499 3712 620 3771 eottfuaua
638 3714 720 3761 audito
736 3715 801 3776 qnod
817 3716 847 3761 P.
867 3718 896 3762 B.
913 3731 938 3774 p.
976 3714 1031 3774 (25)
1048 3714 1166 3775 mixtum]

171 3797 196 3840 p.
216 3785 242 3829 S.
262 3803 296 3818 -
314 3784 394 3829 mixto
406 3785 437 3830 P.
456 3785 486 3830 B.
507 3785 577 3841 (teste
601 3785 702 3841 Gudio.)
737 3784 791 3842 (27)
809 3790 842 3820 ’-
858 3787 956 3832 locutus
978 3793 1059 3832 nutem
1079 3787 1166 3831 Bothe.

172 3850 228 3909 (28)
245 3852 355 3913 Legatos
373 3866 422 3899 non
439 3861 478 3899 eet
494 3852 576 3915 regia]
594 3856 656 3900 Gud.
682 3856 707 3901 S.
731 3865 770 3903 oo
795 3853 853 3903 Non
878 3856 949 3918 regie
978 3862 1033 3911 eat,
1069 3857 1167 3915 legatae

167 3922 303 3981 'Bipontiuh
329 3916 481 3969 lauchs.'-·
506 3922 563 3970 Νοη
580 3928 618 3970 eat
636 3925 734 3986 legatos
748 3927 819 3986 regie
837 3927 868 3971 P.
893 3926 924 3971 B.
943 3939 967 3982 p.
1004 3922 1060 3983 (30)
1079 3925 1118 3969 Sic
1135 3922 1167 3975 P.

171 3993 201 4052 B,
220 4008 245 4052 p.
264 4017 299 4039 -.-
317 3991 350 4039 Ec
366 3989 412 4049 hoc
430 4000 476 4040 eet.
496 3995 640 4052 transposito
657 3995 701 4041 hoc
715 3989 835 4045 iersicnto
850 4001 1026 4051 postutasti-sun
1043 4007 1067 4039 v.
1085 3989 1126 4039 32.
1137 3992 1167 4037 8.
