2834 4630
1095 315 1157 380 237

155 471 190 514 sic
209 470 325 524 explicet:
346 481 461 525 rumpere
472 466 567 530 florem
585 473 675 512 rectem
690 465 881 525 breviloquentia
899 466 987 510 dietum
1005 469 1042 511 cst
1061 465 1157 521 tetrique

154 540 301 596 antiquitatis
319 539 406 594 populo
425 539 580 583 usitatissimo
602 538 658 591 illa,
688 551 748 595 quae
767 538 830 582 idem
848 536 925 590 velet,
944 544 979 579 'ec
997 536 1018 579 si
1042 535 1159 589 scriplum

153 614 219 653 esset
240 607 386 667 rumpendis
403 607 512 671 floribus
530 603 621 665 facere
640 612 731 652 restem
758 609 775 651 i.
806 621 829 651 e.
851 606 989 661 rumpendis
1010 604 1097 648 lterum
1118 618 1157 647 cn-

152 678 246 733 lycibus
265 679 399 732 expandere
423 691 466 733 per
487 681 575 722 terrem
597 681 687 721 restem
708 674 852 722 floridum.¹'
887 679 979 720 Verum
996 673 1095 727 dubito,
1116 687 1159 716 nn·

150 763 198 793 non
217 749 276 793 haec
294 748 435 804 explicatio,
466 749 511 791 etsi
530 748 557 790 nd
582 747 707 792 veritatem
726 749 832 801 proxime
851 746 956 798 accedit,
985 748 1064 787 tumen
1086 744 1157 787 nimie

152 820 183 862 sit
199 819 314 874 quiaesitn.
361 817 511 886 Simplicius,
536 822 559 861 nt
576 818 680 871 opinor,
707 817 740 859 ita
759 816 902 860 sententium
926 815 1037 868 expedire
1059 814 1156 858 licebit:

149 900 279 943 „erumpe,
316 900 445 941 prorumpe
470 888 556 931 ilornm
586 892 696 940 restem,
725 886 768 930 inc
793 886 872 930 subito
903 890 929 928 ut
949 889 1044 939 texatur
1069 883 1158 927 dorum

149 958 249 1002 vestis.”
289 956 325 1000 Ex
344 956 453 1001 Aliorum
469 971 531 1000 com.
552 956 721 999 memorabiles
742 961 797 999 sunt
815 956 930 1000 Scriverii
942 953 1019 997 subde
1039 967 1155 1007 messem,

154 1026 255 1071 Weberi
265 1026 349 1082 pande
369 1031 474 1080 erstem,
502 1026 593 1084 Rigleri
606 1025 683 1087 subde
702 1031 808 1081 restern3
828 1028 902 1069 mirre
920 1028 1003 1067 contre
1022 1024 1155 1079 Wernsd·:

155 1119 186 1148 ·-,
200 1095 295 1158 florum
313 1109 390 1152 snper
415 1101 441 1139 ut
458 1101 554 1149 exstet,
580 1097 611 1139 V.
627 1096 658 1142 D.
679 1097 703 1138 in
722 1095 791 1139 Auel.
815 1093 914 1139 Wolfii:
936 1117 967 1127 -
981 1092 1077 1156 florum
1096 1093 1157 1137 tuber

151 1171 219 1219 esto,
248 1180 295 1225 eey
318 1165 363 1209 der
385 1162 490 1209 Blnmen
516 1161 727 1225 Frachtechoose;
759 1177 813 1209 cnm
837 1166 902 1208 biatu
927 1165 968 1209 vix
1000 1164 1155 1208 edinittendo.

151 1232 243 1297 (ibid.)
262 1241 368 1294 qnarrlne
388 1233 476 1278 Ennae
494 1249 598 1291 campus
617 1235 664 1293 eet]
683 1235 751 1290 Lips.
799 1235 923 1289 anlioem
949 1233 1007 1278 haec
1031 1235 1160 1277 admittunt

152 1306 393 1359 interpretationem
422 1319 525 1359 „rumpe
550 1310 640 1349 restem
668 1309 705 1348 tot
724 1304 825 1358 florum,
857 1309 914 1362 quot
937 1304 1001 1348 solet
1025 1305 1157 1358 producere

151 1376 235 1427 Enpne
248 1389 343 1430 campus
356 1380 455 1432 qnnntns
475 1376 548 1420 est:”
572 1380 627 1418 eut:
647 1380 685 1429 „et
700 1379 723 1417 tu
742 1388 850 1432 quoquc,
872 1374 954 1428 Enna,
975 1369 1091 1428 profunde
1113 1372 1160 1417 no·

151 1458 207 1497 res,
228 1450 342 1502 quotquot
360 1445 494 1489 uberrimus
511 1451 564 1488 tuns
577 1458 675 1498 cnrnpus
692 1458 764 1488 verno
776 1450 883 1500 tempore
899 1443 1040 1488 submittere
1058 1445 1134 1489 solet:
1145 1443 1159 1464 ”

153 1528 213 1573 qnae
233 1517 350 1559 sententie
368 1515 426 1558 nihil
443 1515 541 1558 omnino
559 1515 630 1563 habet
647 1515 670 1558 in
692 1529 739 1572 quo
757 1515 879 1566 offendes,
899 1527 971 1571 quum
993 1518 1158 1558 memorentur

153 1587 213 1628 duee
231 1584 399 1629 floridissimae
413 1585 508 1629 Siciliae
527 1586 649 1643 regiones.
686 1585 735 1628 Nec
754 1598 853 1640 prorsus
872 1584 1033 1629 necessarium
1051 1584 1111 1638 erit,
1134 1588 1161 1627 nt

154 1654 249 1698 sublato
267 1648 417 1719 ἀσυνόἐτῳ
436 1656 558 1713 legemus:
578 1652 664 1712 Hybla
674 1653 768 1716 florum
784 1668 870 1711 rumpe
886 1658 989 1708 rectem,
1010 1659 1034 1696 et
1050 1659 1160 1712 quantae

154 1723 243 1768 Ennne
259 1737 362 1781 campnr
379 1730 433 1779 eet,
465 1726 547 1768 itidem
565 1737 647 1778 rumpe
667 1723 753 1768 florum
777 1729 876 1769 restem.
928 1723 977 1767 Nec
998 1728 1075 1767 lernen
1098 1726 1160 1768 adeo
1186 1749 1189 1755 ·

155 1796 265 1852 equidem
291 1794 409 1837 haeserim
431 1795 455 1837 in
483 1795 564 1848 priore
593 1795 705 1849 ratione,
736 1799 762 1837 nt
782 1799 910 1848 propterea
929 1807 982 1837 cnm
1004 1793 1116 1837 Scbnlzio
1135 1797 1161 1837 et

154 1865 236 1909 Antio
252 1863 387 1918 praeferam
404 1862 497 1907 Aetnae
521 1877 644 1920 campum.
682 1863 758 1908 immo
781 1866 850 1922 longe
873 1864 1021 1922 frequentius
1042 1861 1116 1907 Enna
1134 1863 1159 1907 in

154 1934 261 1979 Aetnam
279 1933 439 1987 corrumpitur
457 1947 526 1989 quem
545 1939 646 1989 contrn3
666 1936 738 1979 veluti
755 1936 834 1978 stetim
850 1935 872 1978 in
893 1937 964 1987 loco,
985 1936 1046 1990 quod
1067 1935 1157 1988 sciam,

155 2006 185 2048 eb
203 2003 373 2058 interpretibus
392 2005 496 2046 nondum
512 2004 585 2046 elluto
600 2003 828 2049 Pseudonristolelis
847 2003 943 2049 Mirab.
964 2003 1078 2048 Ausonii.
1098 2004 1159 2060 Cap.

157 2071 200 2119 83.
221 2087 244 2129 p
266 2069 324 2116 666
344 2073 441 2116 nerum.
479 2069 511 2121 ἐν
531 2070 566 2141 τῇ
592 2070 710 2142 Σικελίᾳ
730 2072 766 2144 τῇ
785 2071 955 2156 καλουμένῃ
982 2068 1072 2144 Αἴτνῃ
1095 2075 1160 2129 (Syl-

156 2144 228 2201 burg
258 2143 367 2185 omnibus
392 2143 547 2198 probantibus
557 2089 674 2212 ῙἝννῃ)
697 2123 851 2225 σπήλαιόν
874 2159 902 2194 τι
927 2127 1043 2208 he'ycrns
1069 2137 1160 2203 eiras,

156 2215 220 2294 περὶ
236 2204 262 2260 ὅ
275 2207 379 2294 κυκλῳ
393 2213 557 2274 πεφυκέναι
574 2217 651 2273 φασι
671 2213 732 2264 τῶν
752 2229 783 2265 τε
801 2207 897 2264 ἄλλων
914 2209 1028 2296 {veson
1048 2211 1162 2277 cinnor

156 2277 215 2331 ἀνὰ
237 2277 334 2330 πᾶσαν
355 2297 473 2352 copon,
466 2277 540 2349 nobb
558 2279 589 2332 δὲ
608 2283 740 2348 μάλιστα
760 2283 819 2334 τῶν
840 2281 892 2333 ιων
910 2278 1090 2365 ἀπέραντόν
1095 2297 1161 2332 τινα

156 2347 250 2403 τόπον
276 2352 380 2409 (nostri.
409 2344 550 2412 quantoe·
578 2357 727 2413 campere)
755 2352 1038 2423 nttatcnhqu'nbat,
1069 2346 1090 2401 ἅ
1105 2352 1161 2418 τὴν

156 2434 303 2486 συνεγγυς
329 2418 429 2493 χώραν
459 2419 583 2485 εὐωδίας
609 2423 718 2494 πληροῖ
744 2441 771 2473 κ.
803 2439 828 2474 τ
859 2423 883 2473 λ
919 2424 1068 2480 Appuleiam
1092 2438 1160 2471 more
1206 2444 1208 2447 ·

156 2493 239 2537 Ειιιιιιο
252 2505 359 2547 campum
379 2495 492 2539 describit
507 2496 581 2539 lulius
598 2497 857 2540 Firmicusiliiternns
885 2494 914 2539 C.
937 2493 960 2540 7.
984 2510 1007 2551 p.
1027 2490 1069 2537 31.
1090 2495 1161 2538 Milu-

155 2570 204 2608 ter.
241 2562 342 2622 Pergae
364 2569 447 2608 nutem
462 2565 562 2609 lacus
552 2579 579 2609 ιιι
599 2564 704 2610 Hennae
720 2566 830 2610 civitatis
842 2563 942 2628 finibus
959 2565 1023 2609 eatis
1041 2577 1162 2610 amoenus

160 2637 185 2676 et
199 2637 303 2692 gratas,
333 2634 407 2678 enine
424 2637 563 2681 amoenitas
582 2650 616 2680 ex
630 2636 725 2699 floram
751 2635 915 2681 varietatibus
933 2635 1057 2679 naecitnr
1094 2634 1162 2680 Nam

154 2715 203 2760 per
225 2715 321 2746 omnem
345 2718 439 2749 annam
466 2706 580 2750 eicie-rim
602 2707 653 2750 eibi
673 2705 863 2773 succedentibus
881 2705 995 2769 floribus
1015 2711 1161 2750 coronatur.

157 2769 232 2816 Hi'c
222 2773 347 2828 invenies,
380 2774 500 2835 quidquid
521 2773 655 2835 hyacinthi
680 2782 766 2837 turget
793 2776 820 2820 in
846 2778 963 2830 canlern5
990 2773 1045 2819 illic
1064 2787 1162 2819 comam

154 2841 270 2886 narcissi
287 2844 324 2887 rel
343 2845 407 2902 quod
421 2859 525 2899 auream
540 2859 626 2891 rocam
644 2847 751 2904 desuper
765 2847 868 2925 pingit3
894 2847 948 2890 illic
967 2845 1038 2888 albae
1053 2842 1163 2889 hederae

152 2925 202 2970 per
223 2917 316 2955 terram
334 2915 442 2957 molliter
462 2923 567 2971 serpunt
581 2923 606 2960 et
619 2930 676 2961 cnm
688 2918 826 2974 purpureis
848 2917 920 2961 niolio
937 2916 1050 2959 suaviter
1067 2915 1162 2961 rudem

157 2994 295 3025 amaracus
313 2982 452 3040 invenitur,
484 2974 667 3029 neocorensem
693 2987 769 3030 istam
787 2986 844 3030 albe
865 2986 985 3030 decerunt
999 2985 1065 3030 lilia.
1104 2982 1162 3040 (el)

81 3044 95 3056 ”
158 3065 268 3111 quaeque
285 3050 366 3110 lucos]
384 3054 575 3098 emendavitiem
592 3055 660 3108 Lips.
698 3057 760 3100 Tum
770 3054 859 3114 sontes
880 3057 1014 3100 Scriverius
1030 3069 1074 3111 pro
1092 3069 1161 3099 mon·

157 3127 205 3165 tec.
242 3118 297 3178 (58)
321 3122 461 3167 recentibus
482 3137 494 3167 e
513 3125 576 3168 coni.
598 3125 692 3168 Pithoei
722 3130 746 3170 et
773 3126 901 3189 Selinusii5
927 3125 978 3180 (hic
996 3126 1086 3171 edidit:
1117 3123 1161 3168 Ex

158 3189 299 3237 recentibus
313 3205 358 3246 pro
372 3191 405 3238 Et
421 3193 586 3254 rigentibus.)
604 3195 636 3239 Ut
653 3208 714 3239 nunc
733 3200 787 3238 sunt
798 3195 869 3239 verbu
878 3227 884 3250 ,
905 3194 1025 3240 artissime
1043 3197 1162 3252 iungenda

159 3266 214 3305 sunt
231 3274 283 3304 cum
303 3265 428 3316 praecedd.
442 3275 457 3309 ε·
469 3269 512 3318 „et
533 3266 665 3323 quicunque
681 3266 777 3320 amabit,
797 3279 851 3309 eres
865 3270 929 3310 texet
946 3267 1082 3310 umbracula
1094 3265 1161 3309 flori·

159 3330 196 3374 dis
223 3333 357 3387 eramis.”
391 3333 441 3377 Nec
467 3340 611 3390 propterea,
643 3338 705 3393 quod
730 3336 754 3379 in
784 3336 884 3392 reliquis
908 3348 992 3379 versus
1009 3336 1161 3381 intercalaris

158 3401 225 3445 nullo
244 3401 332 3459 ligatur
350 3403 442 3447 vinculo
458 3417 510 3447 cum
528 3405 574 3457 iis,
594 3405 632 3462 qui
652 3407 752 3450 eundem
771 3406 907 3461 excipiunt,
928 3409 957 3450 nd
978 3407 1085 3464 regulam
1101 3408 1161 3451 adeo

158 3484 268 3517 severam
296 3473 392 3530 exigere
414 3474 530 3517 debemus
557 3474 657 3519 liberius
674 3477 719 3520 hoc
737 3478 837 3531 poema,
867 3480 892 3520 nt
915 3477 1021 3520 dicemus
1043 3488 1162 3534 nunquam

156 3541 265 3584 futurum
282 3541 370 3595 fuisse,
403 3547 428 3586 nt
443 3545 516 3587 semel
536 3543 594 3587 illud
617 3544 662 3589 sibi
681 3547 823 3591 concederet
841 3547 956 3601 scriptor.
994 3548 1070 3590 imino
1089 3559 1162 3604 qnum

157 3611 217 3655 haec
233 3624 324 3668 qnoque
343 3612 440 3666 strophe
459 3613 491 3656 sit
505 3628 518 3656 e
533 3614 699 3672 longioribus,
719 3629 803 3670 purum
823 3618 874 3660 veri
891 3616 970 3661 simile
988 3623 1026 3663 est
1043 3618 1161 3661 excidisse

157 3673 196 3725 bic
216 3693 288 3725 nuum
306 3687 346 3725 unt
363 3683 464 3726 alterum
483 3684 636 3731 versiculum.
673 3686 756 3743 Rigler
771 3688 883 3731 volebat:
904 3706 939 3720 ·-
958 3684 1007 3730 Ver
1020 3686 1163 3730 recenlihne

157 3751 268 3796 virentes
285 3750 354 3796 ducit
368 3751 470 3796 umbras
483 3752 602 3815 floribus.
640 3753 696 3813 (59)
715 3757 793 3813 Quium
810 3758 897 3800 metior
917 3757 978 3801 (lod.
999 3758 1101 3803 Salmas.
1119 3756 1161 3798 hn-

157 3820 213 3865 bent
227 3835 273 3880 qno
293 3822 371 3865 inme
394 3821 476 3875 Lipsio
494 3826 661 3878 propositum,
681 3840 727 3869 non
749 3831 786 3870 cst
807 3841 849 3870 cur
871 3828 1033 3881 praeferamus
1051 3839 1162 3870 errorem
1199 3882 1203 3889 .

157 3891 203 3935 cd.
220 3892 285 3935 Pith.
307 3891 443 3950 qninntum
461 3905 490 3935 ex
509 3896 726 3939 accommodatione
749 3898 777 3939 nd
797 3909 834 3942 vv.
854 3910 921 3954 seqq.
937 3897 1040 3953 primus
1064 3893 1160 3937 aether.

160 3959 215 4019 (bb)
232 3962 326 4007 creceii
346 3976 359 4005 e
383 3961 444 4006 Cod.
464 3963 577 4023 Sulmnsii
592 3977 645 4009 cum
668 3965 772 4024 Riglero.
788 3966 888 4024 aliisque
907 3966 1010 4022 praetuli
1031 3962 1075 4008 Cd.
1092 3961 1164 4011 Pici.
