2864 4622
1111 322 1171 387 149

163 469 288 530 verba:
328 469 409 531 adeo
432 479 465 528 ut
488 465 519 527 hi
542 463 627 529 cdd.
652 465 697 540 F,
731 465 781 538 P,
816 464 955 528 omnium
979 482 1042 528 noo
1066 453 1169 526 soloni

163 569 300 633 maxime
325 569 442 644 mutili,
467 570 521 630 ced
546 568 639 630 etiam
661 567 893 630 mendosissimi
917 566 990 630 sint.
1109 625 1118 631 .

101 740 104 745 ,
181 724 186 733 .
226 674 301 736 Iure
321 670 422 757 igitur
439 674 608 735 meoduas
631 680 736 732 statuo
756 667 840 733 cdd.
857 670 1012 743 familias,
1037 669 1169 741 alteram

160 777 273 852 BEG,
307 777 436 838 alteram
460 775 588 847 AFP.;
625 772 718 854 prior
739 772 772 834 in
801 772 911 855 primis
941 766 1171 857 sequenda'est

161 878 305 955 Critioo,
331 881 406 953 sed,
430 877 484 940 ubi
499 877 530 939 in
552 876 641 958 peius
657 876 794 939 deflectit
809 898 846 938 ac
867 877 966 940 veluti
981 877 1167 958 degenerat,

161 982 356 1064 corrigenda
373 984 413 1043 ex
428 980 474 1042 Α.
494 987 525 1039 et
548 975 717 1059 aliquando
740 978 958 1053 oPutcaueo,
982 1000 1065 1041 nttoc
1080 977 1168 1043 Cod.

159 1082 270 1167 Regio
298 1084 342 1146 N.
373 1081 468 1171 7386.
491 1079 599 1142 itidem
633 1081 706 1142 Sec.
730 1081 813 1155 ΙΧ.,
836 1079 892 1161 qui
919 1078 1096 1144 Basilesusi
1116 1078 1169 1140 'si-

160 1178 310 1260 millimus
329 1197 399 1241 osae
418 1181 531 1257 debet,
554 1181 651 1245 immo
669 1181 701 1242 in
723 1178 828 1241 multis
851 1179 943 1241 etiam
965 1179 1098 1255 melior,
1122 1179 1169 1242 uti

162 1279 324 1364 coniicere
355 1279 472 1343 licete
508 1279 693 1363 Fragmeoti
728 1283 904 1365 Prognost.
937 1282 987 1346 ll.
1023 1283 1169 1345 versibus

163 1384 282 1447 1-50.
327 1381 416 1446 Mihi
437 1380 504 1444 eius
529 1403 605 1445 usus
622 1394 755 1466 negatus
777 1392 859 1445 erat.
904 1383 942 1445 In
962 1382 1022 1446 FP
1041 1398 1169 1445 eorum-

163 1508 228 1571 que
246 1484 402 1548 similibus
422 1483 497 1547 nihil
519 1484 589 1547 fere
612 1497 660 1548 est
681 1484 843 1567 praesidii.

225 1586 393 1653 Editioues
416 1598 518 1651 autem
546 1600 617 1651 auto
640 1589 827 1654 Grotianam
850 1609 958 1653 omues
981 1609 998 1651 e
1022 1587 1168 1670 principe

136 1718 137 1721 ¹
161 1692 317 1775 repetitae
345 1703 419 1753 sunt
446 1691 514 1754 siue
540 1691 606 1755 ullo
636 1664 897 1774 supplementole
920 1689 1005 1755 cdd.
1031 1692 1167 1768 hatasto,

160 1794 220 1859 uisi
244 1796 331 1878 quod
350 1814 430 1856 tinus
452 1793 627 1856 versiculus
648 1794 942 1880 Prognosticoruut
965 1795 1098 1878 Fragm.
1119 1795 1167 1858 Il.

161 1918 197 1962 v.
222 1897 296 1964 110.
320 1917 338 1958 a
359 1894 479 1964 Pisano
502 1895 657 1974 omissus,
690 1919 709 1961 a
730 1898 837 1963 nescio
860 1918 925 1981 quo
948 1895 1071 1961 editore
1093 1898 1168 1960 Sec.
1283 1940 1288 1969 ,

160 2002 267 2064 XVl.
290 2022 309 2063 e
334 2000 446 2064 codice
475 1982 870 2097 aliquo'Fraibergemis,
902 2001 933 2063 iu
952 2021 1020 2085 quo
1042 2000 1184 2075 exstat,

159 2103 256 2167 simili
275 2114 324 2167 ast
344 2101 495 2166 insertus.
539 2105 612 2167 Nec
634 2105 824 2189 quidquam,
848 2107 936 2188 quod
959 2100 1077 2185 operae
1091 2122 1170 2185 pre·

160 2209 241 2269 tium
260 2205 321 2281 sit,
344 2205 377 2268 iu
390 2187 431 2268 iis
446 2208 643 2269 emendatum
664 2218 732 2281 est,
756 2228 856 2288 pauca
872 2207 926 2269 illa
943 2206 970 2269 si
989 2205 1168 2287 exceperit,

161 2330 247 2400 quat,-
269 2306 430 2372 Mor-elius
462 2330 522 2372 nec
548 2330 675 2391 semper
700 2322 861 2392 prospero
892 2330 1041 2372 successu
1069 2327 1170 2374 nova·

161 2412 223 2475 vit.
268 2410 464 2476 immortalia
489 2432 570 2476 vero
602 2424 676 2476 suut
697 2413 809 2477 merita
839 2411 949 2478 Grotii
973 2433 1070 2494 quum
1090 2432 1172 2494 pro·

161 2526 237 2597 pter
254 2514 471 2597 supplementa
494 2513 594 2579 oCd.
619 2516 662 2579 G.
686 2516 801 2592 ascita,
824 2526 891 2578 tum
910 2526 1045 2598 propter
1063 2536 1170 2579 emen·

162 2618 308 2682 dationes
336 2617 526 2703 plerumque
551 2618 788 2703 sagacissimas,
833 2640 910 2703 quas
939 2640 1066 2684 summo
1100 2618 1169 2682 eius

162 2720 293 2805 iugenio
310 2721 471 2784 debemus.
516 2723 598 2785 Nam
614 2721 671 2785 vix
689 2725 851 2799 adducor,
874 2733 911 2785 ut
922 2725 1067 2798 credam,
1081 2724 1170 2806 quod

165 2824 317 2888 Barthius
345 2823 621 2889 inconsideratius
636 2847 730 2911 quam
763 2825 930 2907 malignius
962 2824 1077 2890 effutiit
1098 2827 1169 2890 Ad·

164 2948 269 2990 verss.
293 2923 376 2989 Lib..
396 2922 549 2989 XLVII.
571 2949 601 2989 c.
627 2928 679 2991 18.
702 2948 738 3009 p.
754 2929 871 2992 2222:
895 2929 1075 3010 „Iosephus
1091 2931 1170 2992 Sca·

164 3030 248 3114 liger
268 3028 335 3092 sine
355 3029 419 3092 ulla
448 3031 671 3093 controversia
697 3043 811 3096 auctor
837 3041 1054 3107 estqootarum
1080 3026 1185 3095 Gru?

165 3131 357 3196 tiauarum.”
401 3133 471 3196 Nec
482 3131 714 3195 defraudandus
732 3134 813 3197 iusta
823 3135 919 3196 ¹laude
933 3133 1166 3210 schwartzius,

166 3236 221 3319 qui
243 3236 302 3299 etsi
324 3236 473 3301 nonnulla
495 3236 643 3300 audacius
664 3236 827 3311 tentavit,
857 3237 948 3299 locos
976 3248 1089 3333 tamen⁶
1111 3237 1178 3301 ali·'
1218 3222 1226 3227 ’
1295 3234 1297 3241 '

166 3351 246 3424 quot
267 3341 407 3422 «pessime
437 3339 570 3403 allectos
603 3338 738 3402 sanavit.
795 3340 847 3403 De
879 3340 998 3404 Buhlio
1027 3362 1091 3405 nou
1121 3354 1170 3406 est
1225 3334 1227 3343 ’

163 3445 254 3526 quod
273 3440 454 3526 loquamur.
497 3442 587 3528 Nihil
608 3443 691 3504 aliud
713 3441 794 3520 cuim
816 3442 990 3524 praestitit,
1015 3465 1108 3529 quam
1131 3457 1166 3507 ut

165 3544 320 3609 interdum
336 3545 412 3608 satis
426 3564 580 3628 perverse
605 3545 714 3608 Grotii
728 3545 947 3633 cunctationes
968 3559 1021 3612 aut
1042 3548 1170 3633 repete‘·

89 3666 94 3680 ·
165 3659 214 3710 ret
236 3647 342 3741 autin
364 3647 583 3731 compendium
606 3648 829 3733 redigeretffi).

217 3829 256 3892 (*)
273 3834 409 3905 Nomadum
426 3839 463 3880 cst
481 3848 505 3894 g.
526 3833 661 3895 siguificare
680 3835 760 3880 Groui
778 3843 938 3895 contextum,
962 3838 987 3883 b.
1012 3838 1167 3905 Buhliifcon·

168 3908 280 3959 textum
305 3908 421 3960 persaepe
448 3907 540 3951 seilicet
560 3907 673 3950 iudicium
697 3906 721 3951 iu
740 3906 965 3956 annotaturum
990 3907 1169 3964 prolatanti!-

167 3973 214 4019 tart
231 3975 261 4020 ab
278 3976 354 4033 ipsius
371 3980 502 4023 contextu:
522 3990 544 4021 s.
563 3981 601 4021 cst
617 3975 786 4024 schwartzius.
