2870 4626
156 499 258 561 Forte
282 492 439 558 occurrit:
463 489 566 564 †deiu
588 488 757 550 salutantes
780 485 912 549 invicem

156 602 202 665 Ut
226 596 426 660 restiterunt:
450 594 542 657 Unde
564 589 628 666 sie,
652 609 790 674 quaeso,
814 585 920 651 nites?

153 705 228 766 Aut
247 719 313 784 quo
335 696 408 759 cibo
429 694 535 758 fecisti
555 703 674 756 tantum
697 689 866 775 corporis?

153 806 255 888 Ego,
279 799 334 885 qui
355 820 424 862 sum
443 799 541 882 longe
561 795 699 874 fortior,
723 815 824 878 pereo
846 793 941 857 lame.

153 904 256 971 Canis
277 900 481 984 simpliciters
502 902 623 965 Eadem
645 909 693 962 est
714 895 854 961 conditio
875 895 952 971 tibi,

152 1010 328 1073 Praestare
350 1003 478 1068 domino
500 1003 526 1066 si
547 1023 606 1084 par
627 1000 761 1065 officium
782 1010 889 1082 potes.

157 1108 282 1192 Quod?
302 1106 405 1192 inquit
426 1108 491 1170 ille.
536 1104 654 1169 Custos
676 1116 710 1167 ut
733 1102 775 1165 sis
797 1100 928 1178 liminis,

156 1215 190 1278 A
211 1211 337 1277 furibus
358 1208 476 1273 tuearis
498 1219 530 1270 et
550 1218 648 1271 noctu
668 1209 809 1270 domum.
879 1240 882 1249 ·

156 1318 237 1399 Ego
260 1335 340 1379 veto
361 1335 428 1374 sum
451 1322 596 1393 paratus:
619 1330 701 1372 nunc
721 1308 828 1392 patior
849 1308 938 1372 nives

155 1419 346 1501 Imbresque
368 1417 398 1478 in
419 1413 508 1477 silvis
530 1431 673 1494 asperam
695 1411 790 1476 vitam
810 1413 959 1474 trahensa

158 1522 289 1599 Quanto
311 1529 359 1581 est
378 1516 503 1581 facilius
524 1514 598 1578 mibi
619 1517 677 1578 sub
698 1526 784 1579 tecto
805 1514 936 1590 vivere,

156 1625 202 1687 Et
224 1621 363 1686 otiosum
385 1620 481 1702 largo
503 1617 611 1682 satiari
632 1616 731 1683 cibol

157 1724 244 1789 Veni
266 1744 348 1808 ergo
371 1742 504 1785 mecum.
546 1720 633 1784 Dum
653 1723 851 1802 procedunt,
875 1716 987 1804 aspicit
1114 1716 1154 1784 ld

158 1831 273 1910 Lupus
296 1847 314 1888 a
336 1834 444 1887 catena
466 1823 581 1887 collum
603 1823 749 1886 detritum
770 1823 852 1886 cani.

158 1932 251 1995 Unde
274 1930 356 2005 hoc,
379 1927 501 1990 amice?
524 1925 611 1990 Nihil
631 1937 692 1989 est.
735 1924 815 2003 Dic,
840 1944 976 2009 quaeso,
1002 1934 1116 1989 taisien.

158 2032 243 2112 Quia
266 2031 380 2095 videon
401 2051 492 2104 acer,
517 2029 647 2114 alligant
668 2039 718 2091 m‘e
739 2027 898 2102 interdiu,

159 2138 250 2198 Luce
273 2145 308 2197 ut
329 2133 504 2218 quiescam,
528 2144 559 2194 et
585 2131 729 2216 vigilem,
754 2150 821 2194 nox
842 2148 936 2214 quum
958 2131 1101 2195 venerits

160 2236 361 2320 Crepusculo
383 2236 524 2312 solutus,
549 2255 610 2320 qua
633 2233 733 2298 visum
755 2246 819 2312 est,
844 2254 959 2319 vagor.
1113 2233 1155 2295 20

159 2340 319 2403 Adsertor
340 2338 424 2401 ultro
446 2337 554 2421 panis3
578 2340 616 2401 de
638 2358 742 2401 mensa
765 2359 820 2401 sua

160 2442 224 2506 Dat
245 2462 322 2506 ossa
343 2439 507 2514 dominnm
529 2439 630 2503 frusta
651 2440 767 2503 iactant
788 2440 926 2518 familie,

160 2544 221 2622 Et,
246 2546 337 2629 quod
356 2542 478 2606 fastidit
499 2542 651 2627 quisque,
676 2544 929 2626 pulmentarium.

159 2647 212 2711 sic
234 2647 303 2710 sine
324 2645 436 2710 labore
457 2657 570 2709 venter
591 2645 739 2727 impletur
761 2667 860 2710 meus.

160 2751 253 2835 Age,
279 2749 307 2813 ei
328 2730 393 2835 (juo
415 2747 502 2813 abire
523 2759 571 2812 eat
592 2747 730 2826 animus,
754 2761 803 2812 est
823 2744 976 2813 licentia?
1117 2742 1159 2814 25

162 2970 221 3033 laud
240 2971 360 3024 elidatur,
387 2961 466 3014 Latini
491 2975 562 3027 quum
581 2976 633 3013 eom
654 2981 748 3026 semper
768 2973 941 3026 pronuntiarint
963 2969 1159 3027 contendamus

161 3041 275 3085 facillime
294 3046 387 3094 nutem,
420 3045 444 3083 ut
462 3042 624 3098 pervulgatum
645 3046 699 3094 est,
719 3043 743 3084 in
764 3039 823 3085 Cdd.
848 3041 1021 3085 conscinduntur
1041 3045 1092 3095 eat,
1111 3040 1156 3092 'et,

161 3111 202 3158 sit.
222 3130 258 3144 ὴ
277 3107 324 3154 Ubi
341 3108 457 3167 (emisset
477 3112 548 3165 nom)
567 3110 602 3153 eit
613 3109 764 3154 tardandum
778 3115 802 3153 et
813 3111 877 3154 ultro
888 3108 1037 3154 currendam
1050 3109 1103 3152 seio
1115 3107 1158 3162 tt„

163 3182 186 3223 iu
205 3181 292 3236 quibus
311 3179 356 3223 hoc
374 3179 468 3235 quidem
488 3180 556 3234 loeo,
576 3180 620 3223 etsi
637 3180 778 3236 propensior
796 3179 818 3223 in
838 3180 1007 3224 defendendum
1022 3179 1156 3233 Peiottum,

165 3248 363 3305 interpolatorem
387 3261 518 3307 agnoscere
543 3248 600 3292 mihi
626 3250 716 3293 videor.
736 3254 780 3302 (⁶-
797 3246 910 3307 Nomque
932 3248 973 3292 udi
998 3246 1159 3308 strigondem

165 3325 201 3363 est
219 3325 242 3363 et
259 3319 303 3363 uto·
320 3317 470 3362 currendum
480 3349 487 3372 ‚
507 3318 568 3362 seio.
588 3318 642 3376 lug.
662 3315 758 3373 Burin.)

214 3389 276 3433 Fas.
296 3388 352 3432 Vll.
389 3384 429 3445 (3)
448 3385 506 3431 dein
522 3386 671 3447 sciscientes]
688 3387 718 3435 Ρ.
738 3389 768 3431 ll.
790 3402 823 3420 -a-
839 3384 899 3429 dein
916 3381 977 3444 (non
999 3385 1099 3437 deinde)
1116 3399 1160 3430 so:

164 3456 237 3502 lutati
255 3458 287 3503 N.
306 3478 342 3493 -
367 3458 506 3501 salutantes
530 3455 589 3500 dein
607 3470 631 3511 p.
652 3459 677 3505 S.
696 3472 729 3493 -·-
746 3455 819 3500 Forte
840 3456 995 3512 occucurrit,
1015 3455 1074 3500 dein
1090 3457 1161 3501 solu-²

165 3532 221 3573 tons
243 3527 363 3580 incitem,
384 3532 445 3570 etr.
462 3526 542 3570 Bentl.
578 3526 642 3570 Puto
665 3527 754 3573 luisse:
779 3525 836 3569 dein
863 3527 997 3570 salutatum
1016 3525 1161 3583 (supinum.)

165 3597 268 3647 „deinde
288 3596 327 3641 ubi
343 3596 483 3640 restiterunt
503 3611 532 3641 eo
549 3592 596 3640 fine
615 3600 639 3638 ut
660 3597 801 3640 seinvicem
820 3597 951 3640 salutarent
971 3597 1033 3641 eet.''
1069 3593 1107 3653 (9)
1126 3612 1162 3629 -”

166 3663 261 3725 Quale?
279 3666 360 3725 inquit
374 3665 433 3728 ille.
469 3661 557 3710 Custos
578 3666 603 3710 si
620 3660 711 3725 fueris
740 3667 758 3710 l.
779 3664 810 3709 it.
847 3662 902 3720 (10)
921 3680 951 3700 *ὁ
971 3665 1067 3711 tuearis
1087 3670 1162 3709 noeto
1250 3704 1253 3711 ι
1285 3652 1290 3663 ’

167 3732 197 3778 lt.
235 3733 280 3793 (16
310 3726 380 3793 coni]
404 3734 434 3779 ll.
463 3735 494 3779 A.
517 3735 612 3780 Romul.
638 3736 721 3780 lleins.
746 3736 824 3781 Bentl.
845 3735 870 3779 S.
888 3744 926 3782 oo
943 3736 1015 3783 conis
1033 3735 1063 3779 P.
1085 3735 1115 3781 lt.
1134 3748 1162 3789 po

164 3801 229 3849 zui.
267 3803 323 3863 (ll)
348 3802 445 3851 modic
471 3804 544 3849 sodes
568 3805 598 3850 tt.
636 3804 691 3859 (19)
709 3819 742 3838 ·-·-
760 3803 873 3850 eenitll.
909 3803 966 3861 (29)
984 3812 1110 3863 -nooger
1129 3801 1162 3846 tt«

167 3865 220 3928 (22)
238 3893 272 3910 αι
289 3874 374 3919 Datur
390 3884 450 3918 osso
467 3884 491 3933 g.
511 3875 575 3919 Pva
592 3892 629 3934 pr.
650 3889 731 3919 manu.
767 3874 851 3931 libid.»
869 3875 964 3918 iactant
973 3871 1089 3933 sornilio]
1109 3872 1163 3913 lan·-

170 3943 271 4000 nellins,
289 3949 314 3988 ot
333 3941 357 3998 3,
378 3941 418 3997 10,
439 3940 480 3987 il.
501 3944 602 3991 Codices
617 3950 767 3992 concursant
778 3940 893 4002 familie.
913 3959 945 3978 ⁴-
963 3944 1058 3987 ioetont
1067 3937 1166 3998 forunli

171 4009 202 4055 ll«
219 4036 253 4050 -
267 4013 408 4073 proliciunt
418 4010 525 4072 seruilio
542 4015 571 4058 Α.
591 4026 629 4063 ω
642 4017 719 4060 iactet
730 4010 875 4073 [omiliel’.
890 4013 920 4057 ll.
934 4028 957 4069 p.
972 4013 997 4055 S.
1026 4008 1079 4065 (25)
1093 4008 1165 4074 odins
