2870 4626
268 303 307 367 32

267 441 421 525 Fugitant
441 440 580 505 inertes:
604 461 715 508 vocem
739 442 914 526 praecludit
934 454 1047 507 metus.

267 542 390 609 Furtim
412 543 512 628 igitur
532 546 605 607 dant
625 545 792 609 Mercurio
813 548 953 609 mandata
976 549 1015 608 ad
1035 545 1169 622 Ionem,

264 645 411 711 Adflictis
432 657 467 709 ut
488 657 664 711 succurrat.
709 651 802 733 Tune¹
822 659 934 711 contra
956 650 1052 711 deus:

266 749 347 827 eria
372 749 514 812 noluistis
536 759 676 812 vestrum
698 749 806 828 ferre,
829 750 949 832 inquit,
972 753 1111 826 bouum,

161 902 163 905 .
263 852 386 914 Malum
408 853 561 934 perferte.
605 852 678 915 Vos
693 868 846 943 quoquc,
871 873 891 914 o
913 852 1017 932 cives,
1041 853 1104 929 ait,
1213 853 1263 916 30

137 942 140 949 ⁴
266 953 341 1018 Hoc
362 942 532 1032 sustinete,
556 952 654 1017 maius
677 975 716 1016 ne
739 954 843 1018 veniat
866 955 993 1019 malum.
1041 1031 1044 1036 Ι
1079 976 1082 981 ’

670 1188 767 1252 [ran.
790 1190 853 1250 nn]

382 1338 627 1405 onacunus
651 1340 885 1405 suestanus
905 1339 968 1404 Eu
990 1316 1130 1406 ruvo.
1193 1388 1198 1391 .
1225 1420 1229 1432 Ι

226 1488 235 1498 ‘
307 1483 359 1547 Ne
381 1478 516 1566 gloriari
536 1470 630 1544 libeat
652 1479 758 1544 alienis
780 1477 873 1543 bonis

267 1586 396 1668 Suoque
416 1583 525 1665 potius
546 1584 655 1646 habitu
677 1582 771 1646 vitam
794 1585 930 1667 degere,

267 1680 417 1768 Aesopus
438 1684 531 1748 nobis
553 1686 615 1749 hoc
637 1687 813 1768 exemplum
834 1684 986 1767 prodidit.

309 1791 447 1851 Tumens
470 1786 553 1849 inani
575 1788 720 1871 graculus
742 1787 906 1869 superbia,

264 1893 390 1955 Pennas
412 1889 530 1972 pavoni
552 1912 631 1974 quae
653 1891 833 1954 deciderant
854 1889 978 1952 sustulit

184 2024 209 2083 j
265 1992 371 2076 Se'que
392 1993 572 2056 exornavit.
614 1991 736 2056 Deinde
758 2004 960 2056 contemnens
981 2012 1058 2057 suos
1088 2033 1091 2039 ,

264 2094 436 2159 Immiscuit
457 2116 490 2163 se
512 2114 671 2179 pavonum
691 2093 836 2158 formoso
859 2096 964 2179 gregi.

161 2281 167 2291 ¹
264 2196 317 2261 Illi
338 2196 509 2278 impudenti
530 2218 648 2279 pennas
670 2196 804 2279 eripiunt
825 2197 878 2259 avi

263 2302 453 2385 Fugantque
474 2298 602 2363 rostris.
634 2299 735 2361 'Male
756 2300 906 2363 mulcatus
929 2300 1077 2385 graculus

263 2404 385 2468 Redire
407 2424 548 2466 maerens
571 2401 678 2482 coepit
698 2404 737 2463 sd
757 2401 921 2483 proprium
944 2422 1063 2486 genns3
1212 2403 1253 2465 10

263 2507 297 2571 A
319 2527 383 2591 quo
405 2505 549 2586 repulsus
571 2503 858 2579 tristemsustinuit
879 2515 998 2571 notam.

266 2609 351 2670 Tum
374 2608 498 2691 quidam
521 2627 561 2668 ex
582 2605 661 2680 illis,
685 2627 766 2688 quos
788 2605 874 2688 prius
897 2608 1105 2689 despexerat:

208 2714 211 2719 ’
265 2710 442 2774 Contentus
465 2708 582 2772 nostris
605 2708 630 2769 si
649 2708 763 2772 sitisses
785 2707 911 2771 sedibus

264 2815 309 2878 Et
332 2813 421 2895 quod
442 2823 552 2877 natura
574 2813 704 2874 dederat
724 2810 878 2873 voluisses
901 2812 986 2892 pati,

265 2917 337 2980 Nec
359 2915 443 2978 illam
466 2926 616 2994 expertus
640 2932 726 2974 esses
748 2913 966 2975 contumeliam

264 3020 336 3084 Nee
356 3019 437 3081 hanc
458 3017 614 3100 repulsam
636 3026 689 3077 tua
710 3013 842 3078 sentiret
863 3015 1056 3079 calamitas*

265 3275 310 3320 que
330 3261 403 3307 etiarn
424 3259 464 3314 A.)
499 3254 554 3316 (30)
572 3270 673 3317 quoque,
694 3267 709 3299 o
728 3249 805 3313 circs]
821 3253 938 3313 Bongars.
957 3254 1016 3298 liitt.
1035 3253 1101 3312 (Vct.
1120 3254 1164 3300 Cd.
1182 3255 1254 3300 licin-
1310 3297 1313 3301 .

266 3328 354 3385 sirii)
372 3331 398 3374 S.
418 3353 451 3363 -
469 3339 561 3389 quoquc
580 3327 645 3371 cioca
662 3326 692 3369 P.
711 3337 736 3380 p.

317 3401 376 3444 Fas.
405 3399 450 3443 111.
486 3397 523 3457 (2)
551 3422 583 3431 -
606 3409 653 3442 auo
676 3394 734 3453 quin
760 3393 853 3438 Meurs.
877 3393 955 3438 Bentl.
972 3393 1024 3448 ⁸(Ro
1051 3406 1106 3438 tera
1123 3393 1172 3438 A:
1199 3392 1255 3437 suis

265 3472 326 3530 quin
349 3468 433 3527 potius
463 3466 523 3526 cet.)
557 3464 594 3523 (5)
620 3488 653 3499 -
672 3477 797 3521 paeonum
826 3463 856 3508 A.
893 3461 931 3520 (7)
954 3461 1092 3507 immiscuit
1108 3454 1146 3520 se]
1175 3461 1205 3507 P.
1229 3475 1255 3517 p.

162 3563 169 3575 .
266 3541 330 3585 Zell.
350 3540 402 3592 ita,
422 3543 448 3581 ut
467 3552 491 3583 v.
511 3535 648 3580 immiscuit
667 3535 698 3578 sit
715 3534 802 3588 trisyll.
821 3534 887 3590 Quod
915 3533 935 3577 si
953 3532 1010 3577 haec
1027 3532 1121 3579 licentis
1141 3533 1255 3581 intolera-

265 3610 323 3654 bilis
344 3610 468 3662 videatur,
496 3608 542 3664 leg.
562 3606 599 3650 vel
619 3618 672 3648 eum
689 3604 822 3660 Bongarsio
840 3608 864 3647 ct
883 3603 979 3648 Heius:
1014 3600 1046 3645 Sc
1066 3601 1203 3645 immiscuit
1218 3602 1256 3646 vel

187 3732 191 3738 Δ
266 3694 321 3725 cnm
338 3677 449 3722 Marcilio
471 3681 495 3720 et
510 3675 608 3719 uentu:
635 3672 761 3718 Immiscct
776 3684 819 3717 se:
838 3672 933 3715 minime
951 3684 1009 3714 vero
1026 3685 1079 3714 cuin
1098 3669 1159 3715 Gud.
1182 3675 1206 3714 ct
1227 3671 1256 3714 S.

268 3748 347 3806 (prob.
366 3746 451 3804 Berg.)
466 3744 681 3799 transponendum:
700 3740 818 3786 Formosa
835 3754 863 3785 se
875 3752 1000 3797 meorum
1017 3739 1153 3783 immiscuit
1169 3739 1255 3798 gregi.

165 3862 169 3869 ,
268 3819 311 3874 (-
329 3817 430 3862 miscuit
458 3828 485 3859 as
512 3814 541 3858 A.
563 3812 634 3856 Rom.
665 3833 693 3843 -
723 3825 750 3855 se
775 3804 879 3854 miscuit
894 3810 976 3852 Burin.
995 3822 1059 3863 susp.
1080 3809 1106 3852 ln
1132 3821 1209 3866 inarg.
1228 3821 1254 3863 p.

267 3889 384 3948 Bongars.
403 3885 528 3941 proposuit
544 3883 632 3928 etiam:
662 3879 801 3925 immiscuit
823 3892 850 3923 se
867 3874 980 3936 pavum.)
1019 3876 1054 3934 (9)
1072 3874 1205 3935 mulcatus]
1224 3877 1254 3921 R.

268 3963 328 4006 teste
358 3957 445 4004 Gudio.
475 3955 532 4010 (non
555 3956 670 3999 memoret
690 3947 850 4006 Vincentius.)
873 3949 898 3994 S.
915 3958 959 3982 ·--
988 3947 1104 3994 multatus
1121 3947 1152 3995 Ρ.
1175 3946 1206 3990 A.
1230 3960 1255 4003 p.
