2864 4622
639 551 737 612 [sea.
761 554 876 614 xxm}

484 673 689 738 SERPENS
711 675 773 737 ET
795 673 1032 739 LACERTA.

216 780 238 811 ⁴
261 813 326 877 Ubi
343 813 452 878 leonis
468 815 570 898 pellis
591 813 729 892 deficit,
752 814 925 896 vulpinam
944 812 1150 876 indicendam
1167 833 1255 889 esse,

239 982 243 988 ,
337 919 400 980 hoc
418 928 486 991 cst,
509 917 568 980 ubi
589 917 756 1007 defeciscat
774 917 882 991 vires,
905 928 986 979 astu
1002 911 1178 978 selendum.

301 1041 440 1120 Serpens
462 1039 611 1101 lacertam
633 1039 719 1102 forte
741 1040 905 1100 adversam
927 1039 1119 1118 prenderats'

260 1142 363 1221 Quam
385 1143 549 1204 devorare
563 1141 669 1222 patula
691 1163 789 1224 qtrrrm
811 1141 1019 1223 vellet‘gula,
1050 1184 1052 1188 ,

258 1234 406 1325 Arripuit
427 1243 480 1306 illa
502 1265 614 1325 prope
627 1243 778 1306 iacentem
801 1243 979 1318 surculum,

258 1347 303 1410 Et
324 1344 480 1426 pertinaci
501 1367 608 1409 morso
629 1356 845 1409 transversum
868 1357 996 1421 tenens,

258 1449 397 1513 Avidum
418 1446 542 1511 sollerti
563 1449 677 1519 rictum
700 1448 838 1512 frenavit
860 1470 963 1512 mora.

259 1553 415 1616 Praedam
436 1550 549 1615 dimisit
571 1572 630 1615 ore
651 1572 781 1633 serpens
803 1549 940 1614 irritam.

646 1693 744 1756 [ses.
770 1695 871 1755 xxm]

547 1815 731 1883 CORNIX
753 1817 815 1881 ET
840 1817 964 1883 OVIS.

328 1958 464 2023 Multos
486 1959 652 2022 lacessere
672 1957 798 2023 debiles
817 1928 851 2021 ei
874 1959 992 2022 cedere
1001 1954 1182 2055 fortibus.

304 2078 561 2144 odiosa-‘cornix
574 2064 681 2161 =super
703 2064 797 2142 ovem
820 2074 1022 2156 consederam
1095 2106 1098 2117 ·

257 2179 361 2263 Quam
383 2184 482 2246 dorso
505 2203 600 2266 qtrum
620 2181 745 2245 tulisset
764 2182 861 2245 invita
884 2194 916 2245 et
937 2185 1008 2260 dio,

257 2275 303 2349 1}
327 2284 479 2361 ....it,
503 2283 531 2348 si
553 2327 730 2348 .......
753 2285 883 2348 fecisses
906 2285 993 2362 cani,
1069 2276 1075 2291 ‘

255 2389 385 2453 Poenas
406 2386 557 2451 dedisses.
599 2386 660 2450 Illa
681 2399 791 2451 contra
814 2388 967 2470 pessimat

256 2490 410 2574 Despicio
430 2489 586 2565 inermes,
613 2532 623 2553 .
641 2531 651 2552 .
667 2493 687 2553 d
704 2533 715 2554 .
732 2533 742 2555 .
766 2494 845 2554 cedo
866 2491 1022 2566 fortibus3

256 2593 332 2657 Scio
355 2616 457 2677 q...
480 2593 633 2661 lacessam
655 2635 722 2657 0..
745 2594 856 2657 dolosa
878 2594 1035 2657 blandiar.

257 2684 338 2760 Ideo
357 2706 515 2760 senectam
539 2737 685 2760 ......
708 2717 807 2760 annos
828 2717 990 2781 prorogo.

635 2837 735 2900 [rsa.
760 2838 874 2900 xxva]

496 2959 675 3027 SERVUS
696 2962 758 3026 ET
780 2960 1008 3027 DOMINUS.

314 3102 459 3167 Nullum
477 3101 694 3166 maledictum
715 3124 789 3167 esse
810 3102 953 3186 gravius
973 3086 1191 3167 conscientia.

298 3213 404 3294 Quum
426 3234 538 3277 servus
561 3236 581 3277 o
594 3257 705 3280 .....
728 3237 743 3278 s
757 3257 891 3278 ......
914 3237 942 3276 m
957 3257 1133 3280 ........
1144 3259 1154 3293 ,

172 3344 177 3355 ·
255 3314 401 3381 Uxorem
422 3316 541 3381 domini
564 3359 759 3381 .......
781 3316 903 3402 puisset
923 3317 996 3396 sni,

303 3517 363 3563 Fer.
382 3517 478 3564 xxvt.
497 3519 584 3564 Totam
605 3520 717 3566 tabellam
734 3521 769 3565 sic
788 3521 875 3567 dedere
893 3520 925 3565 B.'
942 3521 991 3565 Z.:
1015 3516 1118 3565 Nullam
1140 3525 1179 3564 est
1195 3532 1250 3564 me-

251 3583 369 3635 ledictum
385 3589 492 3647 grecias
509 3589 673 3636 conscientie.
699 3588 790 3651 ,Quom
810 3604 900 3635 serras
915 3596 988 3634 noctis
1003 3590 1128 3634 simulem
1139 3603 1174 3651 se
1186 3603 1249 3640 ‚esse

251 3656 335 3712 ipsum
350 3655 444 3712 etrum,
477 3656 587 3703 llxorem
600 3659 696 3704 dornini
712 3661 924 3717 constupresisset
939 3659 996 3712 soi,
1015 3657 1090 3718 ldyue
1109 3659 1153 3703 illo
1170 3659 1251 3703 scs'set

252 3727 318 3769 clam
332 3721 410 3784 sore:
428 3726 597 3781 conscientie,
616 3727 716 3785 Placet,
734 3730 828 3788 inquit,
847 3729 906 3782 siti,
925 3724 1117 3787 quod'nrsmmos
1137 3741 1194 3779 non*
1206 3726 1248 3771 de-

180 3820 182 3829 ·
250 3793 313 3841 eus
346 3793 441 3844 Floret.
461 3819 494 3830 -·
512 3796 563 3842 Sed
573 3810 622 3842 non
636 3797 751 3857 isnpum,
770 3798 829 3857 quta
844 3798 956 3841 esionam
970 3795 1057 3851 debes,
1074 3798 1167 3856 ploret.
1187 3795 1248 3842 Cas-

249 3865 335 3910 sium:
354 3863 509 3915 -,Ne11ues
527 3866 686 3912 meledictum
709 3873 748 3912 est
766 3868 873 3928 gravius
892 3867 1055 3912 conscientie.
1090 3865 1169 3928 (lcum
1191 3879 1249 3911 ser-

249 3946 430 3981 sestmsmmos
450 3936 575 3985 simulem
596 3937 839 3996 quemamodum,
862 3935 971 3987 lleorem
987 3934 1082 3981 domiui
1100 3941 1248 3995 constupre-

250 4004 328 4050 rs'sset
344 4005 401 4062 sol,
428 4002 503 4065 ldqas
525 4007 569 4052 s'lls
581 3998 682 4061 sciret,
708 4019 793 4052 eorem
814 4005 1060 4062 circumducendum.
1080 4003 1247 4059 fracesset,
