2870 4626
163 476 348 542 Clamorem
371 476 681 544 sustentauit-totis
699 479 822 546 vitibus
906 514 910 521 ·

161 583 328 657 Novoque
347 582 457 643 turbat
477 581 592 644 bestias
614 582 781 648 miraculo.

162 684 256 763 Quae
277 684 348 745 dum
370 694 522 763 paventes
544 683 647 747 exitus
670 698 764 750 notos
785 697 915 769 petunt,

160 785 286 848 Leonis
308 784 492 870 affliguntur
512 786 676 851 horrendo
697 787 829 869 impetu.
1119 793 1159 854 10

161 887 247 967 Qui,
269 899 435 971 postquam
459 887 553 951 caede
575 889 677 952 sessus
700 901 768 966 est,
792 889 911 954 asinum
934 904 1049 956 evocat

160 990 320 1073 Iubetque
340 1009 452 1053 vocem
474 1010 633 1071 premere.
677 994 770 1067 Tunc
791 991 842 1055 iiie
865 993 1022 1059 insoleus:

161 1092 276 1169 Qualis
298 1091 423 1154 videtur
444 1113 542 1174 opera
563 1091 622 1155 tibi
644 1093 733 1157 vocis
755 1095 868 1158 meae?

164 1192 321 1277 Insignis,
345 1193 462 1277 inquit,
486 1195 546 1272 sie,
571 1206 605 1256 ut
627 1194 686 1258 uisi
706 1216 831 1259 nossem
853 1208 942 1260 tuum

161 1294 315 1360 Animum
338 1313 518 1382 genusque,
533 1278 804 1382 'similiiugisscm
827 1311 926 1364 metu.
1117 1301 1155 1362 15

562 1495 661 1567 [nan
680 1498 756 1561 mu]

409 1643 593 1712 CERVUS
614 1648 678 1712 AD
701 1648 911 1712 FONTEM.

205 1785 358 1849 Laudatis
378 1786 526 1864 utiliora,
551 1809 629 1870 quae
652 1787 901 1870 contempseris,

161 1891 266 1972 Saepe
288 1887 439 1966 inveniri,
461 1891 539 1953 haec
559 1890 653 1965 'serit
673 1891 825 1955 narratio.

202 1993 255 2055 Ad
276 1990 398 2055 sontem
419 2012 552 2068 cervus,
576 2014 670 2075 quum
693 1991 841 2070 bibisset,
864 1991 980 2056 restitit

159 2095 206 2157 Et
225 2094 259 2154 in
279 2093 404 2177 liquore
426 2093 503 2157 vidit
524 2094 656 2180 effigiem
678 2117 779 2158 suam.

158 2195 213 2259 lui
235 2200 307 2258 dum
327 2217 450 2260 ramosa
471 2196 585 2260 mirans
606 2199 711 2261 laudat
732 2218 852 2261 cornua

160 2297 364 2382 Crurumque
385 2298 509 2362 nimiam
524 2300 711 2367 ,tenuitatem
734 2300 910 2382 vituperat,

160 2401 343 2463 Venantum
365 2401 473 2466 subito
495 2401 629 2466 vocibus
651 2402 841 2467 conterritus

156 2504 227 2568 Per
248 2523 391 2584 campum
411 2505 524 2589 fugere
545 2505 650 2588 coepit
671 2517 703 2568 et
724 2526 817 2568 cursu
838 2506 902 2569 levi

158 2605 265 2669 Canes
286 2606 389 2669 elusit.
433 2607 520 2691 Silva
540 2619 606 2669 tum
630 2608 756 2690 excepit
776 2607 899 2686 serum,

154 2709 196 2771 In
218 2708 429 2792 quaueteutis
451 2710 615 2791 impeditus
638 2709 787 2774 cornibus
870 2780 873 2787 ,

155 2811 311 2898 Lacerari
334 2812 441 2895 coepit
463 2813 619 2876 morsibus
641 2811 745 2876 saevis
767 2832 890 2877 canum.

158 3031 241 3093 meae]
259 3034 360 3078 Salmas.
380 3035 445 3091 quasi
464 3048 476 3079 e
493 3035 524 3078 D.
543 3033 607 3079 Gnd.
628 3035 653 3079 S.
674 3059 706 3069 -
725 3035 785 3091 Sed,
805 3040 865 3081 teste
882 3037 953 3095 Rig„
974 3038 1004 3080 D.
1025 3037 1074 3080 sie:
1107 3035 1153 3080 tihi

110 3118 114 3119 ⁷
154 3104 228 3150 noeis
256 3118 324 3147 mene
355 3103 449 3147 videtur
478 3117 563 3161 opem.
610 3105 755 3148 Salmasiaua
788 3106 858 3150 tectio
884 3107 978 3150 videtur
1001 3104 1152 3150 coniecturie

153 3173 252 3218 deberi.
273 3197 305 3207 -
315 3172 555 3230 tihieideturopero
570 3174 636 3217 cocis
649 3187 718 3217 mene
731 3170 760 3219 P.
781 3198 814 3208 -
832 3188 908 3233 opera
922 3173 1073 3218 tihioidetur
1085 3176 1152 3221 socie

157 3257 230 3287 meae
246 3243 276 3286 R.
294 3252 333 3288 eto
350 3243 395 3286 tibi
418 3242 513 3287 videtur
534 3256 611 3301 opero
634 3242 693 3286 haec
720 3243 786 3287 socia
810 3258 879 3288 meae
897 3259 921 3300 p.
941 3268 973 3278 -
992 3242 1088 3287 videtur
1106 3244 1155 3288 tiii'

156 3325 236 3370 opera
253 3310 313 3355 leuce
330 3312 395 3356 cocis
410 3326 479 3355 mene
496 3312 569 3356 Desb.
585 3313 646 3356 Zelt.
661 3312 727 3370 quasi
740 3328 752 3357 e
766 3312 825 3357 Cdd.
838 3314 868 3357 P.
883 3318 906 3356 et
917 3314 966 3370 R.;
985 3314 1026 3357 sed
1042 3313 1072 3356 ab
1085 3319 1152 3357 utno-

156 3396 203 3440 que
221 3381 288 3426 abest
305 3378 366 3424 hoec
384 3386 407 3426 et
422 3384 530 3426 diversus
548 3388 585 3426 est
607 3383 666 3426 oudo
685 3395 723 3429 vv.
759 3378 815 3439 (16)
825 3379 958 3444 fugissem
980 3380 1056 3442 metu]
1074 3383 1105 3431 D.
1123 3385 1149 3429 S.

154 3476 189 3486 -
200 3448 314 3510 fuissem
332 3452 359 3494 in
376 3457 441 3494 metu
459 3451 488 3495 P.
507 3465 530 3508 p.
690 3451 700 3468 '
1105 3476 1116 3489 ι

207 3521 267 3565 Fun.
287 3520 346 3564 xli.
383 3518 420 3577 (1.
446 3518 484 3578 2.)
503 3518 564 3564 hoec
586 3518 645 3579 erit]
663 3521 702 3564 ste
720 3525 831 3575 corrupte
849 3520 878 3565 P.
898 3521 929 3565 tt.
949 3520 999 3578 (hic
1022 3526 1082 3566 teste
1102 3522 1152 3566 Gu-

82 3627 85 3649 :
152 3587 217 3648 dio.)
235 3615 268 3625 -
285 3587 347 3633 iacet·
364 3584 462 3634 exeeiit
478 3605 502 3646 p.
522 3591 584 3635 coni.
605 3592 630 3634 S.
650 3591 747 3636 exserit
764 3603 820 3635 sune
837 3592 881 3635 hoe
901 3589 1033 3651 significatu
1055 3607 1068 3635 a
1086 3592 1151 3636 Luti-

82 3654 86 3665 “
151 3663 227 3704 nitate
243 3660 365 3703 abhorret.
401 3660 509 3704 Detebat
534 3674 586 3704 esse
612 3657 695 3703 edocet
716 3660 754 3704 vet
782 3661 829 3705 tate
854 3663 918 3719 quid.
938 3685 970 3694 -
989 3661 1068 3719 Saepe
1095 3673 1154 3706 ωσι

151 3731 270 3784 utiliora,
302 3742 363 3788 quae
387 3730 566 3786 contempseris
589 3727 652 3773 Eius
676 3729 747 3784 (teste
762 3729 841 3789 ‘luga
873 3731 956 3774 eiusce
975 3735 1033 3774 teste
1052 3731 1151 3776 Heinsio

150 3800 213 3854 apud
233 3798 334 3853 Scheff.)
352 3799 480 3843 nitentis
498 3791 559 3842 ilaec
577 3800 693 3843 narratio
718 3805 757 3844 eat
772 3799 802 3843 D.
823 3793 956 3865 ἀμέτρως
977 3805 1015 3854 et,
1045 3806 1070 3843 ut
1086 3801 1151 3845 vide·
1184 3857 1187 3863 .

150 3874 207 3923 tur,
227 3869 256 3912 ab
274 3869 455 3923 interpolatore.
473 3868 580 3925 Utraque
599 3868 757 3913 tect.conflatu
777 3869 873 3915 flenti:
892 3864 1013 3913 Laudatis
1029 3869 1148 3921 utiliora,

149 3953 213 3997 quoe
226 3937 406 3995 contempseris
419 3937 497 3995 Saepe
509 3938 616 3981 inveniri
628 3939 699 3982 testie
710 3936 771 3982 haec
788 3941 904 3982 narratio
915 3945 961 3982 eat.
981 3935 1016 3991 (4)
1029 3933 1148 3999 effigiem]

150 4032 184 4043 -
194 4004 299 4069 sngiem
317 4008 348 4054 D.
369 4013 427 4053 teste
446 4008 553 4056 Heinsio.
591 4005 644 4063 (12)
662 4020 743 4055 eocem
756 4006 819 4053 huuc
839 4007 961 4067 edidisse]
980 4008 1009 4052 P.
1029 4007 1059 4054 R.
1077 4020 1100 4062 p.
1122 4005 1148 4048 S.
