2870 4626
484 1010 1026 1123 uiunusuuuuuusss„

650 1359 829 1427 *nuc'ruul

213 1585 216 1592 .
291 1530 458 1623 Exemplis
479 1530 661 1594 continetur
683 1531 805 1611 Aesopi
829 1551 949 1613 genus3

252 1634 429 1700 Necaliud
450 1634 617 1717 quicquam
639 1655 698 1714 per
719 1633 852 1695 fabellas
874 1631 1052 1714 quaeritur,

252 1740 354 1820 Qunam
380 1737 562 1820 corrigatur
584 1757 677 1799 error
692 1746 734 1797 nt
756 1734 930 1797 mortalium

251 1843 417 1922 Acuatque
439 1860 508 1901 sese
531 1837 663 1920 diligens
685 1836 850 1898 industria.

250 1941 439 2024 Quicunque
458 1938 659 2022 fueritergo
682 1938 834 2007 narrandi·
849 1937 957 2013 iocus;
1198 1920 1260 2006 ’ὃν

249 2045 335 2109 Dum
357 2043 462 2126 capiat
484 2062 589 2105 aurem
612 2053 643 2103 et
664 2052 769 2102 servet
790 2041 990 2121 propositum
1004 2062 1123 2116 suum,

252 2148 304 2211 Re
325 2147 579 2219 commendatur,
603 2165 665 2206 non
689 2128 827 2206 auctoris
849 2141 985 2206 nomine.

252 2249 408 2333 Equidem
430 2246 515 2311 omni
537 2267 612 2308 cura
634 2266 752 2338 morem
775 2247 911 2308 servabo
933 2245 1035 2320 senis;

251 2351 361 2415 Sed'
335 2373 363 2414 si
384 2349 511 2413 libuerit
532 2347 649 2432 aliquid
669 2332 892 2427 interponere,

237 2434 418 2518 ¹Dictorum
440 2472 551 2514 sensus
566 2461 608 2512 ut
629 2450 764 2511 delectet
785 2448 938 2524 varietas,

252 2557 362 2619 Bonae
383 2555 413 2616 in
434 2564 564 2635 partes,
587 2553 707 2628 lector,
733 2550 867 2632 accipias
889 2551 996 2615 velim.

251 2659 334 2733 †Ita
356 2656 401 2719 sic
421 2657 575 2736 rependet
594 2652 643 2716 illi
665 2654 804 2717 brevitas
826 2654 1002 2736 gratiama

253 2758 352 2824 Cuius
374 2759 511 2821 verbosa
532 2766 572 2819 ne'
593 2755 632 2819 eit
654 2756 924 2833 commendatius
1024 2760 1029 2765 “

459 2982 695 3074 ΡΙιΙὰοᾶνίΔιιμείὶ
710 3012 795 3058 liberti
811 3013 875 3058 liber
886 3012 1026 3073 secundus,

301 3086 411 3131 Punico.
447 3080 486 3141 (5)
502 3081 730 3142 narrandiiocus]
754 3083 886 3137 „Pithoeus
912 3085 1004 3141 legerat
1025 3084 1164 3143 (ediditque)
1181 3099 1241 3130 nor·

249 3154 325 3200 randi
341 3157 428 3208 locun
454 3167 498 3201 suo
515 3153 647 3201 arbitratu:
666 3167 720 3196 uam
739 3154 796 3196 item
814 3157 907 3208 poterat
929 3154 1009 3211 legere
1029 3154 1112 3205 torm.
1147 3155 1241 3201 Etenim

161 3264 169 3275 ,
249 3226 313 3270 siin
337 3225 398 3271 Cud.
423 3223 492 3267 Rem.
525 3225 536 3266 i
565 3236 636 3278 saepe
659 3227 772 3266 mutatum
797 3227 833 3266 est
850 3223 873 3265 in
894 3222 918 3276 l,
943 3223 966 3265 in
985 3228 1068 3268 nostro
1094 3227 1156 3269 iuter
1179 3227 1247 3270 duas.-

243 3295 301 3338 illns
329 3295 419 3359 litteqae
446 3294 543 3337 omnino
569 3293 660 3336 nullum
684 3298 721 3336 est
744 3292 870 3335 discrimen
896 3295 920 3335 in
948 3294 1024 3347 cupite
1046 3299 1109 3338 certe
1134 3295 1243 3339 vocum.”

247 3365 325 3408 Bina.
350 3360 475 3406 narrandi
497 3363 567 3406 iocus
586 3363 604 3406 i.
625 3376 648 3406 e.
673 3362 832 3414 narrationis,
864 3362 887 3405 in
911 3364 1039 3406 narrando.
1062 3382 1091 3394 -
1111 3364 1243 3408 narrantis

247 3434 318 3476 iocus
341 3432 429 3477 Greev.
454 3428 480 3475 S.
507 3452 537 3464 -
563 3431 680 3474 narranti
703 3430 773 3475 iocus
798 3430 861 3475 Gud.
882 3431 964 3475 Burm.
1011 3429 1050 3490 (8)
1067 3431 1171 3476 Errores
1190 3434 1240 3476 Ms.

247 3502 317 3546 Rem.
335 3515 349 3545 ι
371 3500 449 3546 (ludio
475 3501 600 3544 memorati
619 3513 682 3543 curo
699 3512 768 3543 more
794 3505 817 3544 et
837 3501 937 3544 siluerit
953 3514 997 3556 pro
1019 3503 1043 3545 ei
1060 3494 1166 3545 libuerit
1184 3502 1247 3546 haud

248 3571 385 3616 referuntur
402 3584 416 3613 e
433 3570 504 3613 Vino.
523 3575 547 3614 et
564 3571 636 3627 Berg.
682 3566 720 3627 (9)
738 3567 906 3627 interponere]
925 3584 949 3624 p.
972 3571 997 3618 S.
1018 3591 1047 3601 —
1066 3570 1194 3629 interpone
1214 3572 1245 3616 P.

248 3638 304 3696 (11)
322 3636 492 3697 occipiosJP.
521 3652 545 3694 p
566 3641 592 3685 S
611 3647 650 3684 mo
667 3639 777 3696 accipiat
795 3639 874 3682 Bentl.
895 3640 958 3682 Zell.
1006 3637 1059 3694 (12)
1077 3641 1116 3684 Sic
1134 3646 1248 3695 corrupte

245 3710 277 3754 P.
297 3708 326 3753 11.
346 3723 369 3764 p.
390 3709 437 3764 (hic
461 3722 513 3752 cum
533 3705 701 3764 asteriscum),
708 3708 780 3751 Falso
801 3709 925 3752 contendit
947 3698 1066 3752 Gudius'
1060 3722 1083 3753 in
1110 3708 1154 3754 Cd.
1177 3709 1244 3755 Pitb.

248 3792 301 3823 esse
319 3775 459 3845 rependitst
476 3778 553 3821 Beue.
590 3778 653 3821 Dicit
676 3776 756 3822 Gud:
792 3779 834 3831 „in
856 3777 904 3820 Ms.
924 3777 992 3821 nem.
1012 3783 1036 3822 et
1055 3779 1137 3823 Pint'
1171 3778 1246 3836 Equi-

248 3850 302 3892 dem
321 3853 377 3902 puto
394 3847 482 3892 fuisse:
510 3844 623 3890 Bonoe'
613 3858 640 3888 en
658 3851 746 3902 portes
769 3808 846 3889 leitor
874 3847 983 3904 occipiat
1003 3847 1156 3892 selim:1ta
1176 3845 1242 3891 tene

250 3917 367 3975 rependet
380 3917 421 3960 illi
437 3916 545 3961 breuituo
560 3916 688 3975 gretiam·
708 3918 724 3959 1.
739 3930 761 3959 e.
780 3921 828 3960 tum
842 3913 907 3959 bono
918 3916 1045 3976 gratiam,
1064 3917 1241 3975 benignitatem,
