2870 4626
273 324 314 387 38

278 463 370 525 Tune
393 438 535 525 moriens*
557 478 668 523 nonem
691 460 771 521 hane
794 454 925 521 edidisse
948 452 1081 516 ‹liciturr

277 565 307 630 Ο
332 586 381 627 me
402 562 577 627 infelicem!
600 562 661 646 qui·
675 583 758 624 nime
779 563 902 623 demum
924 555 1095 638 intellego,

272 666 370 732 Utilis
393 664 582 750 mihiquem
606 665 740 740 luerint,
765 683 845 747 quse
866 665 1091 742 despexerim,
1272 741 1282 759 Ι

275 769 340 845 Et,
364 789 444 852 quiae
467 769 650 843 laudarum,¹
674 778 823 849 quantum
845 764 947 826 linctus
965 760 1145 825 habuerint.
1234 762 1274 824 15

674 984 770 1045 [sss.
789 982 880 1044 urin]

527 1135 712 1203 vuinus
736 1134 798 1197 nr
820 1130 1021 1226 convns.

221 1256 230 1263 ⁶
320 1278 384 1357 Qui
406 1297 440 1339 se
461 1273 582 1338 larsdsri
603 1277 721 1359 gaudet
742 1270 850 1336 verbis
872 1269 1031 1345 subdolis,

273 1377 357 1443 Fere
380 1382 433 1441 dat
454 1398 574 1460 poenas
595 1376 683 1458 turpi
703 1373 911 1457 poenitentia.

236 1541 247 1549 ,
317 1481 422 1563 Quum
444 1482 483 1542 de
503 1480 644 1543 fenestra
667 1499 783 1541 corvus
806 1489 930 1560 raptum
954 1496 1078 1540 easeuun

274 1581 429 1647 Comesse
452 1583 568 1658 vellet,
592 1582 676 1645 celsa
699 1579 839 1646 residens
862 1582 997 1656 arbore,

271 1683 397 1767 Vulpes
421 1686 503 1746 hune
524 1684 622 1760 vidit,
647 1683 755 1746 deinde
779 1681 825 1745 sie
847 1681 952 1764 eoepit
974 1680 1083 1769 loquis

274 1786 304 1851 Ο
327 1786 543 1871 qui‘tunrum‚
568 1808 686 1861 corve,
709 1804 884 1867 pennarum
907 1798 954 1848 est
977 1784 1081 1852 nitor!

275 1891 432 1968 erautum
457 1889 580 1977 decoris
603 1909 742 1969 corpore
764 1899 797 1950 et
817 1887 909 1950 vultu
933 1888 1038 1972 geris!

275 1991 309 2056 Si
331 2013 443 2057 rorem
456 1990 616 2067 haberes,
640 1991 725 2053 nulla
747 1989 839 2072 prior
861 1989 924 2056 ales
946 1991 1046 2055 soret.

275 2094 321 2158 At
342 2094 394 2157 ille
415 2096 645 2170 strrltns„d11m
670 2095 736 2156 vult
758 2098 873 2156 vocem
896 2095 1082 2183 ostendere.

275 2194 389 2260 Emisit
411 2218 469 2262 ore
492 2219 636 2273 caseum,
661 2216 754 2280 quem
777 2196 922 2261 celeriter

274 2299 399 2364 Dolosa
423 2301 533 2382 vulpes
555 2299 653 2364 avidis
675 2298 781 2381 rapuit
803 2298 961 2366 dentibus.
1059 2309 1068 2319 '

240 2460 257 2470 ,,
275 2404 360 2466 Tum
382 2405 505 2465 demum
528 2401 681 2486 ingemuit
702 2401 793 2464 corvi
816 2403 966 2483 dereptus
989 2412 1117 2482 stupor.

317 2506 391 2569 Hae
411 2524 447 2566 re
469 2503 803 2595 probaturingenium
826 2515 975 2587 qrrantum
999 2505 1082 2573 valet

276 2605 406 2670 Virtute
427 2617 461 2670 et
482 2598 606 2690 semper
628 2608 792 2691 praevalet
814 2596 977 2689 sapientia.

273 2870 306 2880 -
315 2857 397 2890 eorem
409 2841 474 2889 leuno
485 2832 585 2891 dedisse
603 2848 633 2893 D.
653 2847 754 2898 testibus
769 2846 823 2906 Rip.
838 2851 862 2892 et
872 2847 934 2893 Gud.
954 2872 987 2882 -
1005 2844 1104 2893 dedisse
1116 2862 1197 2894 rorem
1206 2846 1272 2894 leone

271 2916 303 2971 1).
322 2920 382 2960 teste
400 2916 483 2961 Heius.
521 2913 576 2974 (14)
605 2915 682 2975 Utilia
712 2914 774 2960 milti
797 2931 871 2977 quum
888 2914 1000 2976 suerint]
1024 2918 1054 2961 D.
1079 2920 1105 2966 S.
1125 2939 1158 2957 -ψ
1177 2918 1206 2963 Ut
1224 2919 1271 2964 illu

192 2984 195 2989 ’
272 2981 335 3031 mitt
352 2999 426 3045 quum
438 2981 584 3044 profuerint
601 2985 631 3031 P.
651 2986 681 3030 tt.
701 2992 801 3044 uterque
819 3001 833 3032 e
851 3000 889 3042 pr.
909 3001 942 3032 m.
980 2988 1027 3032 Sed
1044 2988 1067 3031 in
1087 2987 1117 3032 P.
1135 2993 1272 3034 correctum

271 3069 321 3115 quo
335 3061 386 3100 tum
404 3056 462 3111 (non
478 3061 609 3115 quantum,
642 3061 667 3099 ut
682 3057 716 3103 sit
732 3055 816 3116 urg.);
835 3056 859 3100 in
877 3057 907 3101 R.
927 3058 960 3113 (in
980 3071 1025 3115 quo
1044 3061 1103 3102 teste
1122 3057 1199 3103 Gudio
1217 3060 1271 3109 inn-

272 3127 346 3171 etim:
368 3125 455 3181 utilia)
480 3127 582 3170 deletum
603 3138 692 3184 quum:
712 3127 811 3184 sieque:
830 3135 868 3173 oo
892 3124 923 3169 Ut
942 3126 989 3177 illu
1006 3124 1068 3171 milei
1084 3123 1227 3187 profuerint
1243 3140 1270 3183 p.

272 3216 305 3230 —
322 3193 373 3240 tua
390 3192 541 3256 mihiquem
554 3192 700 3254 profuerint
716 3195 836 3254 Bongars.

319 3264 384 3311 Pus.
402 3265 474 3311 Xlll.
511 3263 548 3321 (1)
567 3263 625 3327 Qui]
644 3288 677 3299 -
696 3263 764 3325 Quae
782 3265 812 3308 D.
834 3269 894 3309 teste
912 3263 996 3311 lieins.
1025 3266 1052 3310 lu
1070 3278 1108 3309 rr.
1129 3263 1154 3310 1.
1174 3264 1200 3311 2.
1219 3279 1271 3311 ser·-¹

272 3335 324 3378 veui
343 3336 397 3379 leet.
417 3336 447 3380 P.
466 3336 496 3380 R.
515 3334 566 3391 (Α.)
584 3350 608 3391 p.
629 3359 661 3379 -.-
678 3333 790 3396 gaudent
812 3347 835 3379 s.
855 3347 877 3378 s.
898 3333 962 3378 Sera
983 3333 1044 3380 dunt
1059 3348 1156 3393 poenus
1175 3334 1272 3393 turpeie

268 3404 422 3461 poenitentia
439 3405 470 3450 D.
490 3405 599 3461 (testibus
617 3406 672 3465 Rig.
693 3410 717 3449 et
734 3404 809 3459 Gnd.)
828 3405 854 3450 S.
873 3427 907 3438 -·
925 3403 1003 3449 Seres
1028 3404 1089 3450 dunt
1105 3417 1202 3461 poenas
1217 3404 1288 3450 tur-st

268 3474 316 3530 pes
331 3474 497 3531 poeniteutiae
514 3475 545 3520 D.
564 3479 624 3520 teste
648 3476 733 3520 Heius.
782 3470 818 3532 (5)
847 3472 938 3533 Vulpes
956 3472 1021 3519 leunc
1039 3470 1110 3533 sidit]
1128 3475 1168 3519 Sir
1189 3474 1220 3520 P.
1238 3475 1269 3526 li.

273 3543 324 3598 (ssd
340 3542 442 3600 vulpis.)
460 3567 493 3579 -
513 3541 605 3602 Vulpes
620 3551 645 3589 ut
662 3543 724 3590 siniit
740 3544 771 3589 D.
791 3568 824 3589 -.-
842 3542 915 3591 Hunc
933 3543 993 3591 sidit
1017 3544 1098 3603 vulpis
1116 3557 1141 3598 p.
1160 3545 1186 3589 S.
1208 3544 1269 3607 (nul-

267 3625 317 3669 pes
334 3625 379 3668 pro
397 3613 478 3669 vulpis
496 3611 582 3671 ubique
601 3616 700 3668 scripsi,
721 3615 794 3659 etiem
812 3627 837 3658 r.
858 3613 911 3669 11.)
947 3611 1032 3670 (ibid.)
1051 3637 1084 3647 -
1101 3611 1201 3673 deiude]
1221 3614 1271 3664 Ro·

271 3682 361 3728 mulne.
379 3682 410 3726 D.
435 3688 495 3728 teste
514 3683 622 3727 Heinsio.
641 3684 668 3728 S.
694 3707 727 3729 -.
745 3681 833 3730 dehinc
850 3683 880 3727 P.
900 3683 930 3727 ll.
953 3683 1023 3737 (teste
1042 3682 1141 3737 Gudio.)
1160 3685 1190 3731 D.
1209 3689 1269 3731 teste

271 3751 347 3810 urg..
367 3752 413 3813 *cni
436 3753 514 3808 potius
538 3753 620 3796 credo.
645 3772 680 3786 -
702 3751 791 3797 deliine
814 3753 852 3798 sir
873 3753 982 3810 occoepit
1001 3765 1025 3807 p.
1071 3749 1108 3809 (6)
1130 3764 1161 3796 =
1182 3766 1197 3797 o
1215 3754 1270 3813 puis

272 3844 282 3858 ·
300 3846 311 3857 ·
324 3821 463 3879 pirenorum
479 3823 510 3866 D.
547 3819 583 3877 (7)
601 3844 633 3866 -,-
651 3819 765 3866 decorem
783 3823 815 3867 D.
834 3822 904 3881 prob.
925 3822 1027 3877 Selinus.
1065 3820 1101 3879 (9)
1121 3824 1202 3877 „Mss
1227 3824 1269 3869 hee

271 3892 329 3937 tent
344 3891 460 3936 latiorem
476 3891 534 3937 dum
556 3896 580 3935 et
597 3889 656 3935 dum
674 3891 777 3945 etium.'{
809 3892 893 3937 Heius.
918 3892 949 3936 llt
970 3907 1030 3947 nos,
1055 3892 1085 3937 P.
1104 3893 1135 3937 lt.
1156 3907 1179 3947 p.
1199 3893 1225 3937 8.
1245 3897 1270 3939 et

272 3977 285 4006 e
301 3963 332 4009 D.
352 3961 469 4021 liigsltius
487 3962 544 4007 nihil
562 3966 638 4008 notet.
672 3961 705 4013 At
724 3975 780 4008 uero
798 3961 848 4008 Aa
868 3960 990 4023 lilerium
1010 3963 1060 4007 uuit
1078 3961 1207 4015 ostendere
1227 3975 1267 4013 on·
