<?xml version="1.0" encoding="UTF-8"?>
<!DOCTYPE html PUBLIC "-//W3C//DTD XHTML 1.0 Transitional//EN"
    "http://www.w3.org/TR/xhtml1/DTD/xhtml1-transitional.dtd">
<html xmlns="http://www.w3.org/1999/xhtml" xml:lang="en" lang="en">
 <head>
  <title>
</title>
<meta http-equiv="Content-Type" content="text/html;charset=utf-8" />
  <meta name='ocr-system' content='tesseract 3.04.00' />
  <meta name='ocr-capabilities' content='ocr_page ocr_carea ocr_par ocr_line ocrx_word'/>
</head>
<body>
  <div class='ocr_page' id='page_1' title='image "./phaedrifabulaea01aratgoog_0026.png"; bbox 0 0 2870 4626; ppageno 0'>
   <div class='ocr_carea' id='block_1_1' title="bbox 1117 326 1156 390">
    <p class='ocr_par' dir='ltr' id='par_1_1' title="bbox 1117 326 1156 390">
     <span class='ocr_line' id='line_1_1' title="bbox 1117 326 1156 390; baseline 0.051 -2"><span class='ocrx_word' id='word_1_1' title='bbox 1117 326 1156 390; x_wconf 88' lang='grc'><strong>21</strong></span> 
     </span>
    </p>
   </div>
   <div class='ocr_carea' id='block_1_2' title="bbox 155 462 1241 1683">
    <p class='ocr_par' dir='ltr' id='par_1_2' title="bbox 155 462 1241 1683">
     <span class='ocr_line' id='line_1_2' title="bbox 155 462 1156 558; baseline 0 -29"><span class='ocrx_word' id='word_1_2' title='bbox 155 466 273 550; x_wconf 82' lang='lat' dir='ltr'><strong>priore</strong></span> <span class='ocrx_word' id='word_1_3' title='bbox 305 464 433 529; x_wconf 84' lang='lat' dir='ltr'><strong>secundi</strong></span> <span class='ocrx_word' id='word_1_4' title='bbox 466 475 558 547; x_wconf 86' lang='lat' dir='ltr'><strong>parte</strong></span> <span class='ocrx_word' id='word_1_5' title='bbox 590 465 620 526; x_wconf 93' lang='lat' dir='ltr'><strong>in</strong></span> <span class='ocrx_word' id='word_1_6' title='bbox 652 462 821 558; x_wconf 53' lang='grc' dir='ltr'><strong>συναγωγῇ</strong></span> <span class='ocrx_word' id='word_1_7' title='bbox 852 486 908 547; x_wconf 85' lang='lat' dir='ltr'><strong>sua</strong></span> <span class='ocrx_word' id='word_1_8' title='bbox 947 464 1156 547; x_wconf 86' lang='lat' dir='ltr'><strong>compilanda.</strong></span> 
     </span>
     <span class='ocr_line' id='line_1_3' title="bbox 156 567 1157 653; baseline -0.002 -20"><span class='ocrx_word' id='word_1_9' title='bbox 156 570 249 635; x_wconf 86' lang='lat' dir='ltr'>Mihi</span> <span class='ocrx_word' id='word_1_10' title='bbox 267 568 392 635; x_wconf 88' lang='lat' dir='ltr'><strong>Perotti</strong></span> <span class='ocrx_word' id='word_1_11' title='bbox 414 567 577 648; x_wconf 83' lang='lat' dir='ltr'><strong>exemplar</strong></span> <span class='ocrx_word' id='word_1_12' title='bbox 603 567 701 629; x_wconf 88' lang='lat' dir='ltr'><strong>fuisse</strong></span> <span class='ocrx_word' id='word_1_13' title='bbox 726 567 852 630; x_wconf 85' lang='lat' dir='ltr'><strong>videtur</strong></span> <span class='ocrx_word' id='word_1_14' title='bbox 875 569 1009 653; x_wconf 84' lang='lat' dir='ltr'><strong>originis</strong></span> <span class='ocrx_word' id='word_1_15' title='bbox 1028 567 1157 631; x_wconf 78' lang='lat' dir='ltr'>Italicae</span> 
     </span>
     <span class='ocr_line' id='line_1_4' title="bbox 157 668 1157 754; baseline 0 -20"><span class='ocrx_word' id='word_1_16' title='bbox 157 674 308 754; x_wconf 76' lang='lat' dir='ltr'><strong>adeoque</strong></span> <span class='ocrx_word' id='word_1_17' title='bbox 328 669 472 733; x_wconf 87' lang='lat' dir='ltr'><strong>lectionis</strong></span> <span class='ocrx_word' id='word_1_18' title='bbox 496 691 513 731; x_wconf 89' lang='lat' dir='ltr'><strong>a</strong></span> <span class='ocrx_word' id='word_1_19' title='bbox 536 668 658 732; x_wconf 81' lang='lat' dir='ltr'><strong>Gallica</strong></span> <span class='ocrx_word' id='word_1_20' title='bbox 676 668 728 731; x_wconf 87' lang='lat' dir='ltr'><strong>illa</strong></span> <span class='ocrx_word' id='word_1_21' title='bbox 751 669 840 733; x_wconf 86' lang='lat' dir='ltr'><strong>Pith.</strong></span> <span class='ocrx_word' id='word_1_22' title='bbox 863 670 958 733; x_wconf 82' lang='lat' dir='ltr'><strong>Rern.</strong></span> <span class='ocrx_word' id='word_1_23' title='bbox 980 671 1065 735; x_wconf 89' lang='lat' dir='ltr'><strong>Dan.</strong></span> <span class='ocrx_word' id='word_1_24' title='bbox 1081 673 1157 734; x_wconf 87' lang='lat' dir='ltr'><strong>satis</strong></span> 
     </span>
     <span class='ocr_line' id='line_1_5' title="bbox 157 771 1157 855; baseline 0 -19"><span class='ocrx_word' id='word_1_25' title='bbox 157 773 318 836; x_wconf 84' lang='lat' dir='ltr'><strong>diversae.</strong></span> <span class='ocrx_word' id='word_1_26' title='bbox 373 771 509 854; x_wconf 83' lang='lat' dir='ltr'><strong>Triplex</strong></span> <span class='ocrx_word' id='word_1_27' title='bbox 531 783 633 834; x_wconf 88' lang='lat' dir='ltr'><strong>autem</strong></span> <span class='ocrx_word' id='word_1_28' title='bbox 660 793 758 855; x_wconf 88' lang='lat' dir='ltr'><strong>genus</strong></span> <span class='ocrx_word' id='word_1_29' title='bbox 783 782 831 833; x_wconf 90' lang='lat' dir='ltr'><strong>est</strong></span> <span class='ocrx_word' id='word_1_30' title='bbox 850 773 1019 836; x_wconf 89' lang='lat' dir='ltr'><strong>lectionum</strong></span> <span class='ocrx_word' id='word_1_31' title='bbox 1038 775 1157 841; x_wconf 87' lang='lat' dir='ltr'><strong>Perot-</strong></span> 
     </span>
     <span class='ocr_line' id='line_1_6' title="bbox 155 873 1237 961; baseline 0.002 -24"><span class='ocrx_word' id='word_1_32' title='bbox 155 875 311 959; x_wconf 81' lang='lat' dir='ltr'><strong>tinarum.</strong></span> <span class='ocrx_word' id='word_1_33' title='bbox 354 877 437 937; x_wconf 90' lang='lat' dir='ltr'><strong>Nam</strong></span> <span class='ocrx_word' id='word_1_34' title='bbox 469 873 643 949; x_wconf 87' lang='lat' dir='ltr'><strong>interdum,</strong></span> <span class='ocrx_word' id='word_1_35' title='bbox 676 874 731 936; x_wconf 89' lang='lat' dir='ltr'><strong>ubi</strong></span> <span class='ocrx_word' id='word_1_36' title='bbox 750 876 921 954; x_wconf 86' lang='lat' dir='ltr'><strong>depravata</strong></span> <span class='ocrx_word' id='word_1_37' title='bbox 948 886 1017 940; x_wconf 87' lang='lat' dir='ltr'><strong>erat</strong></span> <span class='ocrx_word' id='word_1_38' title='bbox 1040 875 1158 939; x_wconf 84' lang='lat' dir='ltr'><strong>familia</strong></span> <span class='ocrx_word' id='word_1_39' title='bbox 1234 952 1237 961; x_wconf 22' lang='lat' dir='ltr'>y</span> 
     </span>
     <span class='ocr_line' id='line_1_7' title="bbox 158 975 1241 1066; baseline -0.002 -24"><span class='ocrx_word' id='word_1_40' title='bbox 158 976 308 1051; x_wconf 86' lang='lat' dir='ltr'><strong>Gallica,</strong></span> <span class='ocrx_word' id='word_1_41' title='bbox 330 978 408 1040; x_wconf 89' lang='lat' dir='ltr'><strong>haee</strong></span> <span class='ocrx_word' id='word_1_42' title='bbox 428 976 558 1050; x_wconf 85' lang='lat' dir='ltr'><strong>Italica,</strong></span> <span class='ocrx_word' id='word_1_43' title='bbox 578 975 719 1052; x_wconf 87' lang='lat' dir='ltr'><strong>velsola,</strong></span> <span class='ocrx_word' id='word_1_44' title='bbox 737 975 895 1038; x_wconf 83' lang='lat' dir='ltr'><strong>ueletiam</strong></span> <span class='ocrx_word' id='word_1_45' title='bbox 915 978 1043 1040; x_wconf 85' lang='lat' dir='ltr'><strong>firmans</strong></span> <span class='ocrx_word' id='word_1_46' title='bbox 1066 1000 1158 1061; x_wconf 84' lang='lat' dir='ltr'><strong>saga·</strong></span> <span class='ocrx_word' id='word_1_47' title='bbox 1238 1062 1241 1066; x_wconf 14' lang='lat' dir='ltr'><em>A</em></span> 
     </span>
     <span class='ocr_line' id='line_1_8' title="bbox 157 1077 1157 1162; baseline -0.001 -18"><span class='ocrx_word' id='word_1_48' title='bbox 157 1080 302 1144; x_wconf 84' lang='lat' dir='ltr'><strong>cissimas</strong></span> <span class='ocrx_word' id='word_1_49' title='bbox 317 1100 456 1162; x_wconf 86' lang='lat' dir='ltr'><strong>quasque</strong></span> <span class='ocrx_word' id='word_1_50' title='bbox 472 1077 667 1143; x_wconf 74' lang='lat' dir='ltr'><strong>criticorum</strong></span> <span class='ocrx_word' id='word_1_51' title='bbox 683 1078 891 1154; x_wconf 85' lang='lat' dir='ltr'><strong>coniecturas,</strong></span> <span class='ocrx_word' id='word_1_52' title='bbox 914 1100 1022 1142; x_wconf 84' lang='lat' dir='ltr'><strong>veram</strong></span> <span class='ocrx_word' id='word_1_53' title='bbox 1042 1083 1157 1162; x_wconf 73' lang='lat' dir='ltr'><strong>poetae</strong></span> 
     </span>
     <span class='ocr_line' id='line_1_9' title="bbox 158 1179 1157 1264; baseline -0.002 -18"><span class='ocrx_word' id='word_1_54' title='bbox 158 1204 287 1258; x_wconf 86' lang='lat' dir='ltr'><strong>manum</strong></span> <span class='ocrx_word' id='word_1_55' title='bbox 303 1180 463 1255; x_wconf 75' lang='lat' dir='ltr'><strong>serravit3</strong></span> <span class='ocrx_word' id='word_1_56' title='bbox 485 1179 639 1242; x_wconf 87' lang='lat' dir='ltr'><strong>interdum</strong></span> <span class='ocrx_word' id='word_1_57' title='bbox 658 1179 801 1263; x_wconf 83' lang='lat' dir='ltr'><strong>integros</strong></span> <span class='ocrx_word' id='word_1_58' title='bbox 824 1180 1018 1255; x_wconf 79' lang='lat' dir='ltr'><strong>versimalos,</strong></span> <span class='ocrx_word' id='word_1_59' title='bbox 1042 1181 1157 1264; x_wconf 86' lang='lat' dir='ltr'><strong>quiex</strong></span> 
     </span>
     <span class='ocr_line' id='line_1_10' title="bbox 157 1281 1157 1364; baseline -0.002 -17"><span class='ocrx_word' id='word_1_60' title='bbox 157 1287 260 1357; x_wconf 87' lang='lat' dir='ltr'><strong>Rem.</strong></span> <span class='ocrx_word' id='word_1_61' title='bbox 280 1295 312 1346; x_wconf 89' lang='lat' dir='ltr'><strong>et</strong></span> <span class='ocrx_word' id='word_1_62' title='bbox 330 1282 418 1347; x_wconf 86' lang='lat' dir='ltr'><strong>Pith.</strong></span> <span class='ocrx_word' id='word_1_63' title='bbox 440 1282 640 1356; x_wconf 80' lang='lat' dir='ltr'><strong>exciderant,</strong></span> <span class='ocrx_word' id='word_1_64' title='bbox 664 1281 777 1344; x_wconf 87' lang='lat' dir='ltr'><strong>nemini</strong></span> <span class='ocrx_word' id='word_1_65' title='bbox 797 1293 882 1345; x_wconf 87' lang='lat' dir='ltr'><strong>certe</strong></span> <span class='ocrx_word' id='word_1_66' title='bbox 904 1294 1031 1364; x_wconf 85' lang='lat' dir='ltr'><strong>praeter</strong></span> <span class='ocrx_word' id='word_1_67' title='bbox 1053 1285 1157 1347; x_wconf 87' lang='lat' dir='ltr'><strong>Phae·</strong></span> 
     </span>
     <span class='ocr_line' id='line_1_11' title="bbox 158 1376 1155 1468; baseline -0.004 -18"><span class='ocrx_word' id='word_1_68' title='bbox 158 1376 254 1450; x_wconf 79' lang='lat' dir='ltr'><strong>draun</strong></span> <span class='ocrx_word' id='word_1_69' title='bbox 275 1386 376 1468; x_wconf 92' lang='lat' dir='ltr'><strong>ipsum</strong></span> <span class='ocrx_word' id='word_1_70' title='bbox 395 1386 593 1448; x_wconf 87' lang='lat' dir='ltr'><strong>tribuendos.</strong></span> <span class='ocrx_word' id='word_1_71' title='bbox 624 1383 697 1449; x_wconf 80' lang='lat' dir='ltr'><strong>Cir.</strong></span> <span class='ocrx_word' id='word_1_72' title='bbox 731 1406 764 1446; x_wconf 88' lang='lat' dir='ltr'><strong>v.</strong></span> <span class='ocrx_word' id='word_1_73' title='bbox 800 1403 830 1446; x_wconf 86' lang='lat' dir='ltr'><strong>c.</strong></span> <span class='ocrx_word' id='word_1_74' title='bbox 860 1385 937 1447; x_wconf 86' lang='lat' dir='ltr'>Lib.</span> <span class='ocrx_word' id='word_1_75' title='bbox 961 1386 994 1449; x_wconf 79' lang='lat'><strong>5.</strong></span> <span class='ocrx_word' id='word_1_76' title='bbox 1017 1384 1099 1448; x_wconf 87' lang='lat' dir='ltr'><strong>Fab.</strong></span> <span class='ocrx_word' id='word_1_77' title='bbox 1124 1388 1155 1447; x_wconf 82' lang='lat'><strong>1.</strong></span> 
     </span>
     <span class='ocr_line' id='line_1_12' title="bbox 157 1486 1155 1569; baseline -0.002 -16"><span class='ocrx_word' id='word_1_78' title='bbox 157 1502 248 1553; x_wconf 81' lang='lat' dir='ltr'><strong>extr.</strong></span> <span class='ocrx_word' id='word_1_79' title='bbox 271 1489 302 1551; x_wconf 94' lang='grc'><strong>2.</strong></span> <span class='ocrx_word' id='word_1_80' title='bbox 332 1487 434 1551; x_wconf 90' lang='lat' dir='ltr'><strong>initio.</strong></span> <span class='ocrx_word' id='word_1_81' title='bbox 477 1489 544 1550; x_wconf 84' lang='lat' dir='ltr'><strong>Iatn</strong></span> <span class='ocrx_word' id='word_1_82' title='bbox 571 1486 667 1560; x_wconf 87' lang='lat' dir='ltr'><strong>talia,</strong></span> <span class='ocrx_word' id='word_1_83' title='bbox 701 1506 838 1569; x_wconf 86' lang='lat' dir='ltr'><strong>quaese</strong></span> <span class='ocrx_word' id='word_1_84' title='bbox 871 1486 995 1549; x_wconf 89' lang='lat' dir='ltr'><strong>interna</strong></span> <span class='ocrx_word' id='word_1_85' title='bbox 1022 1509 1078 1550; x_wconf 88' lang='lat' dir='ltr'><strong>sna</strong></span> <span class='ocrx_word' id='word_1_86' title='bbox 1101 1510 1155 1551; x_wconf 86' lang='lat' dir='ltr'><strong>ve·</strong></span> 
     </span>
     <span class='ocr_line' id='line_1_13' title="bbox 155 1587 1157 1683; baseline -0.001 -29"><span class='ocrx_word' id='word_1_87' title='bbox 155 1592 254 1655; x_wconf 82' lang='lat' dir='ltr'><strong>ritate</strong></span> <span class='ocrx_word' id='word_1_88' title='bbox 294 1590 578 1683; x_wconf 83' lang='lat' dir='ltr'><strong>commendabant,</strong></span> <span class='ocrx_word' id='word_1_89' title='bbox 613 1587 798 1670; x_wconf 84' lang='lat' dir='ltr'><strong>minimeque</strong></span> <span class='ocrx_word' id='word_1_90' title='bbox 834 1588 998 1666; x_wconf 85' lang='lat' dir='ltr'><strong>Perotto,</strong></span> <span class='ocrx_word' id='word_1_91' title='bbox 1038 1590 1157 1653; x_wconf 88' lang='lat' dir='ltr'><strong>homini</strong></span> 
     </span>
    </p>
   </div>
   <div class='ocr_carea' id='block_1_3' title="bbox 132 1689 1253 1783">
    <p class='ocr_par' dir='ltr' id='par_1_3' title="bbox 132 1689 1253 1783">
     <span class='ocr_line' id='line_1_14' title="bbox 132 1689 1253 1783; baseline -0.004 -26"><span class='ocrx_word' id='word_1_92' title='bbox 132 1778 136 1783; x_wconf 84' lang='lat'>.</span> <span class='ocrx_word' id='word_1_93' title='bbox 155 1692 340 1757; x_wconf 87' lang='lat' dir='ltr'><strong>Latinitatis</strong></span> <span class='ocrx_word' id='word_1_94' title='bbox 361 1693 445 1754; x_wconf 87' lang='lat' dir='ltr'><strong>haud</strong></span> <span class='ocrx_word' id='word_1_95' title='bbox 467 1689 557 1753; x_wconf 91' lang='lat' dir='ltr'><strong>nimis</strong></span> <span class='ocrx_word' id='word_1_96' title='bbox 574 1690 699 1773; x_wconf 87' lang='lat' dir='ltr'><strong>perito,</strong></span> <span class='ocrx_word' id='word_1_97' title='bbox 723 1689 859 1753; x_wconf 75' lang='lat' dir='ltr'><strong>adscribi</strong></span> <span class='ocrx_word' id='word_1_98' title='bbox 883 1711 980 1772; x_wconf 88' lang='lat' dir='ltr'><strong>posse</strong></span> <span class='ocrx_word' id='word_1_99' title='bbox 1005 1691 1156 1755; x_wconf 87' lang='lat' dir='ltr'><strong>videban-</strong></span> <span class='ocrx_word' id='word_1_100' title='bbox 1248 1760 1253 1767; x_wconf 49' lang='grc'><strong>,</strong></span> 
     </span>
    </p>
   </div>
   <div class='ocr_carea' id='block_1_4' title="bbox 66 1776 1237 4022">
    <p class='ocr_par' dir='ltr' id='par_1_4' title="bbox 154 1776 1155 1979">
     <span class='ocr_line' id='line_1_15' title="bbox 154 1776 1155 1883; baseline -0.002 -24"><span class='ocrx_word' id='word_1_101' title='bbox 154 1810 230 1872; x_wconf 86' lang='lat' dir='ltr'><strong>tur,</strong></span> <span class='ocrx_word' id='word_1_102' title='bbox 261 1796 327 1859; x_wconf 89' lang='lat' dir='ltr'><strong>sine</strong></span> <span class='ocrx_word' id='word_1_103' title='bbox 347 1793 572 1883; x_wconf 76' lang='lat' dir='ltr'><strong>haesitatione,</strong></span> <span class='ocrx_word' id='word_1_104' title='bbox 606 1791 768 1857; x_wconf 82' lang='lat' dir='ltr'><strong>Schwabii</strong></span> <span class='ocrx_word' id='word_1_105' title='bbox 798 1804 829 1855; x_wconf 91' lang='lat' dir='ltr'><strong>et</strong></span> <span class='ocrx_word' id='word_1_106' title='bbox 857 1776 951 1856; x_wconf 86' lang='lat' dir='ltr'><strong>Zellii</strong></span> <span class='ocrx_word' id='word_1_107' title='bbox 975 1795 1155 1878; x_wconf 80' lang='lat' dir='ltr'><strong>exemplum</strong></span> 
     </span>
     <span class='ocr_line' id='line_1_16' title="bbox 156 1893 598 1979; baseline -0.011 -17"><span class='ocrx_word' id='word_1_108' title='bbox 156 1911 286 1962; x_wconf 82' lang='lat' dir='ltr'><strong>secutus</strong></span> <span class='ocrx_word' id='word_1_109' title='bbox 306 1895 488 1979; x_wconf 84' lang='lat' dir='ltr'><strong>recipienda</strong></span> <span class='ocrx_word' id='word_1_110' title='bbox 509 1893 598 1958; x_wconf 79' lang='lat' dir='ltr'><strong>duxi.</strong></span> 
     </span>
    </p>

    <p class='ocr_par' dir='ltr' id='par_1_5' title="bbox 66 1994 1237 4022">
     <span class='ocr_line' id='line_1_17' title="bbox 79 1994 1153 2089; baseline 0.001 -25"><span class='ocrx_word' id='word_1_111' title='bbox 79 2026 85 2033; x_wconf 67' lang='grc'><strong><em>’</em></strong></span> <span class='ocrx_word' id='word_1_112' title='bbox 165 2050 169 2055; x_wconf 90' lang='grc'><strong>.</strong></span> <span class='ocrx_word' id='word_1_113' title='bbox 221 2002 346 2063; x_wconf 88' lang='lat' dir='ltr'><strong>Rursus</strong></span> <span class='ocrx_word' id='word_1_114' title='bbox 377 1999 482 2062; x_wconf 88' lang='lat' dir='ltr'><strong>insunt</strong></span> <span class='ocrx_word' id='word_1_115' title='bbox 510 1997 662 2061; x_wconf 86' lang='lat' dir='ltr'><strong>lectiones</strong></span> <span class='ocrx_word' id='word_1_116' title='bbox 690 1997 803 2079; x_wconf 86' lang='lat' dir='ltr'><strong>partim</strong></span> <span class='ocrx_word' id='word_1_117' title='bbox 832 2014 964 2079; x_wconf 85' lang='lat' dir='ltr'><strong>prorsus</strong></span> <span class='ocrx_word' id='word_1_118' title='bbox 999 1994 1153 2089; x_wconf 76' lang='grc' dir='ltr'><strong>ἇμετροι,</strong></span> 
     </span>
     <span class='ocr_line' id='line_1_18' title="bbox 153 2101 1153 2187; baseline 0 -22"><span class='ocrx_word' id='word_1_119' title='bbox 153 2101 278 2186; x_wconf 86' lang='lat' dir='ltr'><strong>partim</strong></span> <span class='ocrx_word' id='word_1_120' title='bbox 304 2102 429 2182; x_wconf 82' lang='lat' dir='ltr'><strong>ineptae</strong></span> <span class='ocrx_word' id='word_1_121' title='bbox 461 2110 556 2184; x_wconf 89' lang='lat' dir='ltr'><strong>atque</strong></span> <span class='ocrx_word' id='word_1_122' title='bbox 591 2101 762 2187; x_wconf 79' lang='lat' dir='ltr'><strong>absurdae,</strong></span> <span class='ocrx_word' id='word_1_123' title='bbox 794 2101 881 2164; x_wconf 85' lang='lat' dir='ltr'><strong>velut</strong></span> <span class='ocrx_word' id='word_1_124' title='bbox 909 2103 953 2166; x_wconf 87' lang='lat' dir='ltr'><strong>L.</strong></span> <span class='ocrx_word' id='word_1_125' title='bbox 985 2101 1022 2176; x_wconf 93' lang='grc'><strong>2,</strong></span> <span class='ocrx_word' id='word_1_126' title='bbox 1054 2102 1095 2176; x_wconf 89' lang='lat'><strong>8,</strong></span> <span class='ocrx_word' id='word_1_127' title='bbox 1121 2105 1153 2165; x_wconf 83' lang='grc'><strong>1.</strong></span> 
     </span>
     <span class='ocr_line' id='line_1_19' title="bbox 154 2188 1156 2288; baseline 0 -21"><span class='ocrx_word' id='word_1_128' title='bbox 154 2226 241 2288; x_wconf 84' lang='lat' dir='ltr'><strong>pro:</strong></span> <span class='ocrx_word' id='word_1_129' title='bbox 271 2208 320 2268; x_wconf 85' lang='lat' dir='ltr'><strong>Et</strong></span> <span class='ocrx_word' id='word_1_130' title='bbox 337 2214 532 2286; x_wconf 81' lang='lat' dir='ltr'><strong>opportuno</strong></span> <span class='ocrx_word' id='word_1_131' title='bbox 555 2224 590 2272; x_wconf 78' lang='lat' dir='ltr'><strong>re</strong></span> <span class='ocrx_word' id='word_1_132' title='bbox 615 2188 721 2266; x_wconf 77' lang='lat' dir='ltr'><strong>babiti</strong></span> <span class='ocrx_word' id='word_1_133' title='bbox 747 2203 918 2267; x_wconf 81' lang='lat' dir='ltr'><strong>condidit:</strong></span> <span class='ocrx_word' id='word_1_134' title='bbox 941 2234 981 2246; x_wconf 96' lang='lat'><em>-</em></span> <span class='ocrx_word' id='word_1_135' title='bbox 1001 2207 1048 2268; x_wconf 83' lang='lat' dir='ltr'><strong>Et</strong></span> <span class='ocrx_word' id='word_1_136' title='bbox 1066 2204 1156 2271; x_wconf 84' lang='lat' dir='ltr'><strong>inter</strong></span> 
     </span>
     <span class='ocr_line' id='line_1_20' title="bbox 69 2305 1155 2393; baseline -0.001 -22"><span class='ocrx_word' id='word_1_137' title='bbox 69 2386 72 2393; x_wconf 25' lang='grc' dir='ltr'>Ι</span> <span class='ocrx_word' id='word_1_138' title='bbox 154 2308 299 2371; x_wconf 79' lang='lat' dir='ltr'><strong>bubulos</strong></span> <span class='ocrx_word' id='word_1_139' title='bbox 323 2305 473 2368; x_wconf 79' lang='lat' dir='ltr'><strong>rusticus</strong></span> <span class='ocrx_word' id='word_1_140' title='bbox 499 2327 536 2369; x_wconf 83' lang='lat' dir='ltr'><strong>ae</strong></span> <span class='ocrx_word' id='word_1_141' title='bbox 558 2305 731 2378; x_wconf 82' lang='lat' dir='ltr'><strong>condidit3</strong></span> <span class='ocrx_word' id='word_1_142' title='bbox 754 2305 793 2379; x_wconf 78' lang='grc'><strong>3,</strong></span> <span class='ocrx_word' id='word_1_143' title='bbox 818 2305 857 2380; x_wconf 91' lang='grc'><strong>2,</strong></span> <span class='ocrx_word' id='word_1_144' title='bbox 882 2306 933 2368; x_wconf 82' lang='grc'><strong>13.</strong></span> <span class='ocrx_word' id='word_1_145' title='bbox 954 2327 1036 2386; x_wconf 86' lang='lat' dir='ltr'><strong>pro:</strong></span> <span class='ocrx_word' id='word_1_146' title='bbox 1061 2307 1155 2388; x_wconf 82' lang='lat' dir='ltr'><strong>ipsos</strong></span> 
     </span>
     <span class='ocr_line' id='line_1_21' title="bbox 149 2407 1153 2493; baseline -0.004 -21"><span class='ocrx_word' id='word_1_147' title='bbox 149 2421 313 2493; x_wconf 82' lang='lat' dir='ltr'><strong>pastores</strong></span> <span class='ocrx_word' id='word_1_148' title='bbox 345 2419 460 2470; x_wconf 83' lang='lat' dir='ltr'><strong>necat:</strong></span> <span class='ocrx_word' id='word_1_149' title='bbox 482 2438 522 2450; x_wconf 93' lang='lat'>-</span> <span class='ocrx_word' id='word_1_150' title='bbox 544 2407 653 2490; x_wconf 79' lang='lat' dir='ltr'><strong>ipsius</strong></span> <span class='ocrx_word' id='word_1_151' title='bbox 670 2418 849 2490; x_wconf 79' lang='lat' dir='ltr'><strong>pastorem</strong></span> <span class='ocrx_word' id='word_1_152' title='bbox 869 2420 984 2483; x_wconf 83' lang='lat' dir='ltr'><strong>necat,</strong></span> <span class='ocrx_word' id='word_1_153' title='bbox 1009 2428 1045 2469; x_wconf 91' lang='lat' dir='ltr'><strong>ae</strong></span> <span class='ocrx_word' id='word_1_154' title='bbox 1068 2407 1153 2470; x_wconf 88' lang='lat' dir='ltr'><strong>simi-</strong></span> 
     </span>
     <span class='ocr_line' id='line_1_22' title="bbox 152 2509 1237 2594; baseline -0.005 -18"><span class='ocrx_word' id='word_1_155' title='bbox 152 2514 219 2587; x_wconf 80' lang='lat' dir='ltr'><strong>les3</strong></span> <span class='ocrx_word' id='word_1_156' title='bbox 256 2513 287 2574; x_wconf 92' lang='lat' dir='ltr'><strong>in</strong></span> <span class='ocrx_word' id='word_1_157' title='bbox 318 2509 432 2594; x_wconf 82' lang='lat' dir='ltr'><strong>quibus</strong></span> <span class='ocrx_word' id='word_1_158' title='bbox 460 2509 609 2592; x_wconf 83' lang='lat' dir='ltr'><strong>profecto</strong></span> <span class='ocrx_word' id='word_1_159' title='bbox 633 2511 770 2584; x_wconf 88' lang='lat' dir='ltr'><strong>nescias,</strong></span> <span class='ocrx_word' id='word_1_160' title='bbox 804 2521 908 2573; x_wconf 86' lang='lat' dir='ltr'><strong>utrum</strong></span> <span class='ocrx_word' id='word_1_161' title='bbox 930 2510 974 2572; x_wconf 90' lang='lat' dir='ltr'><strong>ita</strong></span> <span class='ocrx_word' id='word_1_162' title='bbox 995 2510 1055 2572; x_wconf 87' lang='lat' dir='ltr'><strong>iam</strong></span> <span class='ocrx_word' id='word_1_163' title='bbox 1079 2531 1154 2574; x_wconf 89' lang='lat' dir='ltr'><strong>eor·</strong></span> <span class='ocrx_word' id='word_1_164' title='bbox 1232 2560 1237 2571; x_wconf 70' lang='grc'><strong>.</strong></span> 
     </span>
     <span class='ocr_line' id='line_1_23' title="bbox 66 2607 1213 2704; baseline -0.002 -27"><span class='ocrx_word' id='word_1_165' title='bbox 66 2658 69 2661; x_wconf 96' lang='grc'>-</span> <span class='ocrx_word' id='word_1_166' title='bbox 151 2614 241 2696; x_wconf 86' lang='lat' dir='ltr'><strong>rupti</strong></span> <span class='ocrx_word' id='word_1_167' title='bbox 276 2613 393 2676; x_wconf 74' lang='lat' dir='ltr'><strong>iruerint</strong></span> <span class='ocrx_word' id='word_1_168' title='bbox 421 2613 451 2673; x_wconf 90' lang='lat' dir='ltr'><strong>in</strong></span> <span class='ocrx_word' id='word_1_169' title='bbox 481 2607 650 2704; x_wconf 74' lang='grc' dir='ltr'><strong>ἀρχετύπῳ</strong></span> <span class='ocrx_word' id='word_1_170' title='bbox 687 2633 705 2674; x_wconf 92' lang='lat' dir='ltr'><strong>a</strong></span> <span class='ocrx_word' id='word_1_171' title='bbox 733 2612 869 2676; x_wconf 90' lang='lat' dir='ltr'><strong>Perotto</strong></span> <span class='ocrx_word' id='word_1_172' title='bbox 899 2612 1080 2693; x_wconf 78' lang='lat' dir='ltr'><strong>exscripto,</strong></span> <span class='ocrx_word' id='word_1_173' title='bbox 1115 2634 1153 2675; x_wconf 92' lang='lat' dir='ltr'><strong>an</strong></span> <span class='ocrx_word' id='word_1_174' title='bbox 1210 2689 1213 2699; x_wconf 17' lang='grc' dir='ltr'>ἱ</span> 
     </span>
     <span class='ocr_line' id='line_1_24' title="bbox 150 2698 1192 2803; baseline -0.003 -24"><span class='ocrx_word' id='word_1_175' title='bbox 150 2717 243 2798; x_wconf 89' lang='lat' dir='ltr'><strong>ipse,</strong></span> <span class='ocrx_word' id='word_1_176' title='bbox 273 2737 365 2797; x_wconf 86' lang='lat' dir='ltr'><strong>quum</strong></span> <span class='ocrx_word' id='word_1_177' title='bbox 387 2716 420 2777; x_wconf 89' lang='lat' dir='ltr'><strong>in</strong></span> <span class='ocrx_word' id='word_1_178' title='bbox 442 2713 497 2796; x_wconf 84' lang='lat' dir='ltr'><strong>illo</strong></span> <span class='ocrx_word' id='word_1_179' title='bbox 521 2725 625 2776; x_wconf 88' lang='lat' dir='ltr'><strong>essent</strong></span> <span class='ocrx_word' id='word_1_180' title='bbox 658 2713 817 2797; x_wconf 89' lang='lat' dir='ltr'><strong>aliquanto</strong></span> <span class='ocrx_word' id='word_1_181' title='bbox 839 2713 939 2777; x_wconf 84' lang='lat' dir='ltr'><strong>levius</strong></span> <span class='ocrx_word' id='word_1_182' title='bbox 962 2715 1149 2803; x_wconf 88' lang='lat' dir='ltr'><strong>depravati,</strong></span> <span class='ocrx_word' id='word_1_183' title='bbox 1187 2698 1192 2712; x_wconf 50' lang='lat'>⁸</span> 
     </span>
     <span class='ocr_line' id='line_1_25' title="bbox 153 2815 1150 2898; baseline -0.002 -17"><span class='ocrx_word' id='word_1_184' title='bbox 153 2817 308 2881; x_wconf 88' lang='lat' dir='ltr'><strong>medicam</strong></span> <span class='ocrx_word' id='word_1_185' title='bbox 341 2838 464 2878; x_wconf 79' lang='lat' dir='ltr'><strong>manrrnn</strong></span> <span class='ocrx_word' id='word_1_186' title='bbox 494 2815 643 2879; x_wconf 87' lang='lat' dir='ltr'><strong>adhibere</strong></span> <span class='ocrx_word' id='word_1_187' title='bbox 673 2828 802 2880; x_wconf 86' lang='lat' dir='ltr'><strong>conatus</strong></span> <span class='ocrx_word' id='word_1_188' title='bbox 832 2816 930 2898; x_wconf 84' lang='lat' dir='ltr'><strong>magis</strong></span> <span class='ocrx_word' id='word_1_189' title='bbox 958 2818 1051 2880; x_wconf 88' lang='lat' dir='ltr'><strong>etiam</strong></span> <span class='ocrx_word' id='word_1_190' title='bbox 1077 2839 1150 2879; x_wconf 84' lang='lat' dir='ltr'><strong>eos-</strong></span> 
     </span>
     <span class='ocr_line' id='line_1_26' title="bbox 156 2917 1150 3001; baseline 0 -19"><span class='ocrx_word' id='word_1_191' title='bbox 156 2924 225 2983; x_wconf 89' lang='lat' dir='ltr'><strong>dem</strong></span> <span class='ocrx_word' id='word_1_192' title='bbox 248 2919 487 2982; x_wconf 86' lang='lat' dir='ltr'><strong>eoutaminarit:</strong></span> <span class='ocrx_word' id='word_1_193' title='bbox 520 2917 553 2979; x_wconf 83' lang='lat' dir='ltr'><strong>iu</strong></span> <span class='ocrx_word' id='word_1_194' title='bbox 579 2939 641 3000; x_wconf 93' lang='lat' dir='ltr'><strong>pro</strong></span> <span class='ocrx_word' id='word_1_195' title='bbox 671 2930 760 2982; x_wconf 85' lang='lat' dir='ltr'><strong>certo</strong></span> <span class='ocrx_word' id='word_1_196' title='bbox 784 2918 938 2981; x_wconf 85' lang='lat' dir='ltr'><strong>affirmare</strong></span> <span class='ocrx_word' id='word_1_197' title='bbox 960 2941 1150 3001; x_wconf 87' lang='lat' dir='ltr'><strong>pessumus,</strong></span> 
     </span>
     <span class='ocr_line' id='line_1_27' title="bbox 154 3018 1208 3104; baseline 0.003 -20"><span class='ocrx_word' id='word_1_198' title='bbox 154 3043 312 3104; x_wconf 87' lang='lat' dir='ltr'><strong>nunqnam</strong></span> <span class='ocrx_word' id='word_1_199' title='bbox 340 3020 481 3083; x_wconf 85' lang='lat' dir='ltr'><strong>futurum</strong></span> <span class='ocrx_word' id='word_1_200' title='bbox 511 3018 627 3096; x_wconf 84' lang='lat' dir='ltr'><strong>fuisse,</strong></span> <span class='ocrx_word' id='word_1_201' title='bbox 659 3033 693 3082; x_wconf 91' lang='lat' dir='ltr'><strong>ut</strong></span> <span class='ocrx_word' id='word_1_202' title='bbox 720 3031 783 3082; x_wconf 89' lang='lat' dir='ltr'><strong>tarn</strong></span> <span class='ocrx_word' id='word_1_203' title='bbox 809 3024 993 3102; x_wconf 83' lang='lat' dir='ltr'><strong>deturpatos</strong></span> <span class='ocrx_word' id='word_1_204' title='bbox 1017 3042 1073 3083; x_wconf 90' lang='lat' dir='ltr'><strong>eos</strong></span> <span class='ocrx_word' id='word_1_205' title='bbox 1095 3023 1150 3082; x_wconf 89' lang='lat' dir='ltr'><strong>de·</strong></span> <span class='ocrx_word' id='word_1_206' title='bbox 1203 3074 1208 3087; x_wconf 83' lang='grc'><em>,</em></span> 
     </span>
     <span class='ocr_line' id='line_1_28' title="bbox 155 3110 1235 3213; baseline -0.001 -27"><span class='ocrx_word' id='word_1_207' title='bbox 155 3125 271 3199; x_wconf 88' lang='lat' dir='ltr'><strong>disset,</strong></span> <span class='ocrx_word' id='word_1_208' title='bbox 295 3122 323 3185; x_wconf 88' lang='lat' dir='ltr'><strong>si</strong></span> <span class='ocrx_word' id='word_1_209' title='bbox 340 3122 484 3208; x_wconf 84' lang='lat' dir='ltr'><strong>integros</strong></span> <span class='ocrx_word' id='word_1_210' title='bbox 506 3121 675 3204; x_wconf 85' lang='lat' dir='ltr'><strong>reperisset</strong></span> <span class='ocrx_word' id='word_1_211' title='bbox 695 3122 727 3186; x_wconf 93' lang='lat' dir='ltr'><strong>in</strong></span> <span class='ocrx_word' id='word_1_212' title='bbox 757 3118 937 3213; x_wconf 77' lang='grc' dir='ltr'><strong>ἀρχετύπῳ.</strong></span> <span class='ocrx_word' id='word_1_213' title='bbox 982 3123 1053 3185; x_wconf 86' lang='lat' dir='ltr'><strong>Etsi</strong></span> <span class='ocrx_word' id='word_1_214' title='bbox 1071 3124 1151 3185; x_wconf 88' lang='lat' dir='ltr'><strong>enim</strong></span> <span class='ocrx_word' id='word_1_215' title='bbox 1231 3110 1235 3113; x_wconf 46' lang='grc'>’</span> 
     </span>
     <span class='ocr_line' id='line_1_29' title="bbox 154 3224 1197 3308; baseline -0.003 -20"><span class='ocrx_word' id='word_1_216' title='bbox 154 3248 268 3308; x_wconf 90' lang='lat' dir='ltr'><strong>parum</strong></span> <span class='ocrx_word' id='word_1_217' title='bbox 290 3226 417 3307; x_wconf 88' lang='lat' dir='ltr'><strong>elegans</strong></span> <span class='ocrx_word' id='word_1_218' title='bbox 440 3235 510 3308; x_wconf 75' lang='lat' dir='ltr'><strong>erat</strong></span> <span class='ocrx_word' id='word_1_219' title='bbox 529 3226 647 3307; x_wconf 69' lang='lat' dir='ltr'><strong>potu,</strong></span> <span class='ocrx_word' id='word_1_220' title='bbox 671 3224 809 3287; x_wconf 81' lang='lat' dir='ltr'><strong>minime</strong></span> <span class='ocrx_word' id='word_1_221' title='bbox 832 3235 935 3287; x_wconf 89' lang='lat' dir='ltr'><strong>tamen</strong></span> <span class='ocrx_word' id='word_1_222' title='bbox 956 3235 1062 3287; x_wconf 88' lang='lat' dir='ltr'><strong>tantus</strong></span> <span class='ocrx_word' id='word_1_223' title='bbox 1085 3235 1158 3286; x_wconf 62' lang='lat' dir='ltr'><strong>stu:</strong></span> <span class='ocrx_word' id='word_1_224' title='bbox 1192 3242 1197 3251; x_wconf 88' lang='lat'>·</span> 
     </span>
     <span class='ocr_line' id='line_1_30' title="bbox 155 3325 1152 3409; baseline 0.001 -19"><span class='ocrx_word' id='word_1_225' title='bbox 155 3349 219 3409; x_wconf 84' lang='lat' dir='ltr'><strong>por</strong></span> <span class='ocrx_word' id='word_1_226' title='bbox 240 3349 278 3391; x_wconf 90' lang='lat' dir='ltr'><strong>ae</strong></span> <span class='ocrx_word' id='word_1_227' title='bbox 305 3348 405 3409; x_wconf 89' lang='lat' dir='ltr'><strong>paene</strong></span> <span class='ocrx_word' id='word_1_228' title='bbox 434 3326 533 3389; x_wconf 88' lang='lat' dir='ltr'><strong>libido</strong></span> <span class='ocrx_word' id='word_1_229' title='bbox 560 3348 634 3390; x_wconf 90' lang='lat' dir='ltr'><strong>sana</strong></span> <span class='ocrx_word' id='word_1_230' title='bbox 665 3326 889 3407; x_wconf 86' lang='lat' dir='ltr'><strong>corrumpendi</strong></span> <span class='ocrx_word' id='word_1_231' title='bbox 926 3328 1019 3389; x_wconf 88' lang='lat' dir='ltr'><strong>debet</strong></span> <span class='ocrx_word' id='word_1_232' title='bbox 1048 3325 1152 3407; x_wconf 89' lang='lat' dir='ltr'><strong>impu·</strong></span> 
     </span>
     <span class='ocr_line' id='line_1_31' title="bbox 155 3426 1149 3511; baseline 0.001 -21"><span class='ocrx_word' id='word_1_233' title='bbox 155 3427 217 3490; x_wconf 86' lang='lat' dir='ltr'><strong>tari</strong></span> <span class='ocrx_word' id='word_1_234' title='bbox 238 3426 357 3490; x_wconf 89' lang='lat' dir='ltr'><strong>homini</strong></span> <span class='ocrx_word' id='word_1_235' title='bbox 378 3447 443 3490; x_wconf 87' lang='lat' dir='ltr'><strong>uon</strong></span> <span class='ocrx_word' id='word_1_236' title='bbox 457 3448 590 3508; x_wconf 85' lang='lat' dir='ltr'><strong>prorsus</strong></span> <span class='ocrx_word' id='word_1_237' title='bbox 605 3426 731 3491; x_wconf 84' lang='lat' dir='ltr'><strong>inscito.</strong></span> <span class='ocrx_word' id='word_1_238' title='bbox 777 3430 940 3511; x_wconf 89' lang='lat' dir='ltr'><strong>Namque,</strong></span> <span class='ocrx_word' id='word_1_239' title='bbox 964 3429 1017 3490; x_wconf 91' lang='lat' dir='ltr'><strong>ubi</strong></span> <span class='ocrx_word' id='word_1_240' title='bbox 1038 3450 1149 3510; x_wconf 85' lang='lat' dir='ltr'><strong>reapse</strong></span> 
     </span>
     <span class='ocr_line' id='line_1_32' title="bbox 155 3527 1148 3611; baseline 0.004 -20"><span class='ocrx_word' id='word_1_241' title='bbox 155 3527 517 3611; x_wconf 25' lang='lat' dir='ltr'><strong>eiusmodilstoliditatis</strong></span> <span class='ocrx_word' id='word_1_242' title='bbox 549 3549 622 3590; x_wconf 88' lang='lat' dir='ltr'><strong>rens</strong></span> <span class='ocrx_word' id='word_1_243' title='bbox 656 3528 800 3605; x_wconf 85' lang='lat' dir='ltr'><strong>videtur,</strong></span> <span class='ocrx_word' id='word_1_244' title='bbox 831 3531 931 3593; x_wconf 85' lang='lat' dir='ltr'><strong>veluti</strong></span> <span class='ocrx_word' id='word_1_245' title='bbox 958 3532 995 3606; x_wconf 92' lang='grc'><strong>2,</strong></span> <span class='ocrx_word' id='word_1_246' title='bbox 1025 3534 1063 3606; x_wconf 90' lang='lat'><strong>8,</strong></span> <span class='ocrx_word' id='word_1_247' title='bbox 1097 3535 1148 3595; x_wconf 81' lang='lat' dir='ltr'><strong>tu.</strong></span> 
     </span>
     <span class='ocr_line' id='line_1_33' title="bbox 153 3631 1149 3723; baseline 0.003 -30"><span class='ocrx_word' id='word_1_248' title='bbox 153 3643 228 3693; x_wconf 78' lang='lat' dir='ltr'><strong>tram</strong></span> <span class='ocrx_word' id='word_1_249' title='bbox 252 3631 406 3714; x_wconf 71' lang='lat' dir='ltr'><strong>genstiens</strong></span> <span class='ocrx_word' id='word_1_250' title='bbox 434 3652 552 3695; x_wconf 81' lang='lat' dir='ltr'><strong>ceruus</strong></span> <span class='ocrx_word' id='word_1_251' title='bbox 574 3651 657 3712; x_wconf 89' lang='lat' dir='ltr'><strong>pro:</strong></span> <span class='ocrx_word' id='word_1_252' title='bbox 696 3643 769 3694; x_wconf 81' lang='lat' dir='ltr'><strong>tum</strong></span> <span class='ocrx_word' id='word_1_253' title='bbox 792 3633 948 3714; x_wconf 79' lang='lat' dir='ltr'><strong>gaudens</strong></span> <span class='ocrx_word' id='word_1_254' title='bbox 966 3631 1092 3723; x_wconf 81' lang='lat' dir='ltr'><strong>ferras,</strong></span> <span class='ocrx_word' id='word_1_255' title='bbox 1113 3634 1149 3696; x_wconf 73' lang='lat' dir='ltr'><strong>‘et</strong></span> 
     </span>
     <span class='ocr_line' id='line_1_34' title="bbox 155 3731 1146 3818; baseline 0 -23"><span class='ocrx_word' id='word_1_256' title='bbox 155 3736 196 3809; x_wconf 81' lang='grc'><strong>1,</strong></span> <span class='ocrx_word' id='word_1_257' title='bbox 221 3735 279 3806; x_wconf 81' lang='grc'><strong>25,</strong></span> <span class='ocrx_word' id='word_1_258' title='bbox 305 3733 357 3795; x_wconf 88' lang='grc'><strong>29.</strong></span> <span class='ocrx_word' id='word_1_259' title='bbox 381 3731 484 3795; x_wconf 77' lang='lat' dir='ltr'><strong>retina</strong></span> <span class='ocrx_word' id='word_1_260' title='bbox 503 3743 625 3799; x_wconf 74' lang='lat' dir='ltr'><strong>domata</strong></span> <span class='ocrx_word' id='word_1_261' title='bbox 646 3752 727 3815; x_wconf 84' lang='lat' dir='ltr'><strong>pro:</strong></span> <span class='ocrx_word' id='word_1_262' title='bbox 752 3734 855 3796; x_wconf 84' lang='lat' dir='ltr'><strong>ruina</strong></span> <span class='ocrx_word' id='word_1_263' title='bbox 883 3756 1041 3797; x_wconf 84' lang='lat' dir='ltr'><strong>camarae</strong></span> <span class='ocrx_word' id='word_1_264' title='bbox 1064 3746 1146 3818; x_wconf 66' lang='lat' dir='ltr'><strong>een,</strong></span> 
     </span>
     <span class='ocr_line' id='line_1_35' title="bbox 154 3831 1145 3925; baseline 0 -28"><span class='ocrx_word' id='word_1_265' title='bbox 154 3846 224 3897; x_wconf 89' lang='lat' dir='ltr'><strong>ante</strong></span> <span class='ocrx_word' id='word_1_266' title='bbox 247 3834 353 3898; x_wconf 86' lang='lat' dir='ltr'><strong>omnia</strong></span> <span class='ocrx_word' id='word_1_267' title='bbox 368 3834 538 3909; x_wconf 83' lang='lat' dir='ltr'><strong>nescimus,</strong></span> <span class='ocrx_word' id='word_1_268' title='bbox 562 3847 665 3898; x_wconf 89' lang='lat' dir='ltr'><strong>utrum</strong></span> <span class='ocrx_word' id='word_1_269' title='bbox 685 3836 731 3898; x_wconf 89' lang='lat' dir='ltr'><strong>sic</strong></span> <span class='ocrx_word' id='word_1_270' title='bbox 747 3835 901 3900; x_wconf 85' lang='lat' dir='ltr'><strong>invenerit</strong></span> <span class='ocrx_word' id='word_1_271' title='bbox 914 3837 945 3898; x_wconf 90' lang='lat' dir='ltr'><strong>in</strong></span> <span class='ocrx_word' id='word_1_272' title='bbox 967 3831 1145 3925; x_wconf 74' lang='grc' dir='ltr'><strong>ἀρχετύπῳ,</strong></span> 
     </span>
     <span class='ocr_line' id='line_1_36' title="bbox 155 3935 1146 4022; baseline -0.002 -24"><span class='ocrx_word' id='word_1_273' title='bbox 155 3958 191 3998; x_wconf 92' lang='lat' dir='ltr'><strong>an</strong></span> <span class='ocrx_word' id='word_1_274' title='bbox 213 3937 295 3999; x_wconf 87' lang='lat' dir='ltr'><strong>idem</strong></span> <span class='ocrx_word' id='word_1_275' title='bbox 328 3935 395 4001; x_wconf 79' lang='lat' dir='ltr'><strong>fere</strong></span> <span class='ocrx_word' id='word_1_276' title='bbox 424 3936 554 4011; x_wconf 74' lang='lat' dir='ltr'><strong>feeerit,</strong></span> <span class='ocrx_word' id='word_1_277' title='bbox 591 3940 675 4022; x_wconf 87' lang='lat' dir='ltr'><strong>quod</strong></span> <span class='ocrx_word' id='word_1_278' title='bbox 698 3937 873 4002; x_wconf 84' lang='lat' dir='ltr'><strong>etiamnunc</strong></span> <span class='ocrx_word' id='word_1_279' title='bbox 895 3940 998 4001; x_wconf 90' lang='lat' dir='ltr'><strong>solent</strong></span> <span class='ocrx_word' id='word_1_280' title='bbox 1020 3938 1146 4010; x_wconf 84' lang='lat' dir='ltr'><strong>faeere,</strong></span> 
     </span>
    </p>
   </div>
   <div class='ocr_carea' id='block_1_5' title="bbox 0 0 1440 4626">
    <p class='ocr_par' dir='ltr' id='par_1_6' title="bbox 0 0 1440 4626">
     <span class='ocr_line' id='line_1_37' title="bbox 0 0 1440 4626; baseline 0 1"><span class='ocrx_word' id='word_1_281' title='bbox 0 0 1440 4626; x_wconf 95' lang='lat' dir='ltr'><strong> </strong></span> 
     </span>
    </p>
   </div>
  </div>
 </body>
</html>
