2870 4626
264 329 306 392 dl

266 469 311 546 Et
331 465 362 530 in
384 463 545 529 cothurnis
567 464 675 548 prodit
695 465 844 548 Aesopus
864 462 969 528 novis.

268 577 271 581 ’
310 569 435 634 Utinam
457 590 516 632 uec
539 590 673 654 unquam
695 567 776 632 Pelii
796 558 1032 649 nemorisiugo

266 672 366 739 Pinus
387 670 515 753 bipenni
535 659 721 735 concidisset
743 670 916 733 Thessala!
944 686 946 692 ’

210 852 213 857 y
268 775 337 837 Nec
357 776 396 835 ad
417 773 581 855 professae
604 773 715 837 mortis
736 775 882 835 audacem
904 770 987 836 viam

267 876 469 940 Fabricasset
490 877 600 959 Argus
625 896 722 957 opere
744 874 887 938 Palladio
908 886 1026 949 ratem,

265 978 467 1060 Inhospitalis
488 977 589 1060 prima
612 999 691 1060 quiae
714 976 813 1041 Ponti
832 977 915 1039 sinus

266 1082 422 1146 Patefecit
443 1080 474 1143 iu
496 1079 665 1160 perniciem
688 1079 817 1142 Graitlm
841 1092 871 1142 et
893 1079 1087 1142 Barbartlm!

267 1186 410 1265 Namque
433 1194 465 1244 et
486 1181 615 1263 superbi
637 1182 724 1271 luget
746 1183 866 1245 Aeetae
890 1184 1001 1245 domus

266 1288 309 1348 Et
331 1306 429 1368 regna
452 1284 569 1346 Peliae
584 1284 701 1346 scelere
724 1282 860 1346 Medeae
882 1282 1017 1359 iacent.

268 1389 357 1467 Quae
380 1407 507 1448 saemnm
528 1385 688 1470 ingenium
712 1386 806 1448 variis
828 1386 994 1449 involvens
1016 1382 1128 1462 modis,

265 1490 336 1551 Illic
358 1509 416 1568 pec
439 1500 524 1549 actus
546 1487 654 1549 fratris
676 1488 826 1570 explicuit
846 1488 1008 1572 fugam,¹
1112 1478 1115 1484 ‘
1148 1494 1151 1501 ’
1205 1483 1256 1547 '15

267 1591 330 1653 Hic
352 1592 444 1651 caede
466 1589 565 1671 patris
588 1588 751 1653 Peliadum
773 1589 878 1654 iniecit
900 1612 1021 1654 manus.

309 1691 392 1771 Quid
412 1690 470 1755 tibi
493 1691 642 1755 videtur?
663 1694 738 1756 Hoc
757 1713 886 1777 quoque
907 1693 1059 1756 insulsum
1080 1702 1146 1769 est,
1168 1691 1233 1768 ais,

266 1795 425 1876 Falsoque
448 1794 702 1877 dictum310nge
725 1794 796 1877 quia
819 1796 974 1861 vetustior

265 1898 396 1984 Aegaea
419 1896 529 1961 Minos
552 1898 649 1958 classe
671 1898 849 1978 perdomuit
869 1897 950 1959 freta
985 1904 988 1913 ’

167 2046 171 2057 .
265 1999 417 2082 Iustoque
440 1997 610 2061 vindicavit
632 2003 776 2081 exennplo
798 1999 962 2081 impetum.

266 2101 350 2182 Quid
373 2121 454 2185 ergo
475 2121 605 2182 possum
627 2100 732 2163 facere
755 2101 828 2175 tibi,
852 2102 953 2165 lector
975 2100 1077 2179 Cato,

266 2204 300 2266 si
322 2223 379 2264 uec
400 2203 536 2265 fabellae
557 2216 588 2265 tc
610 2203 718 2265 iuvant
740 2224 798 2266 nec
818 2205 963 2269 fabulae!

265 2306 341 2369 Noli
363 2305 601 2368 molestus'esse
624 2305 750 2369 omniuo
774 2307 903 2383 litteris,

264 2407 421 2470 Maiorem
444 2406 610 2469 exhibeant
631 2427 670 2469 ne
691 2407 748 2469 tibi
771 2409 955 2473 molestiam.

306 2510 381 2571 Hoc
401 2508 463 2570 illis
485 2509 598 2569 dictum
622 2521 686 2582 est,
711 2502 771 2592 ipsi
787 2501 921 2574 stultitia
937 2527 1089 2577 natuseaut
1212 2517 1254 2581 25

264 2612 327 2686 Et,
352 2622 386 2673 ut
402 2600 559 2692 ‘putentur
582 2632 712 2693 sapere,
736 2614 857 2677 caelum
878 2614 1072 2698 vituperant.
1168 2677 1173 2686 ,

260 2846 402 2907 destringis
419 2847 478 2891 liitt.
503 2848 528 2891 S.
565 2845 601 2903 (3)
631 2846 712 2894 Perna
734 2849 856 2911 libellum]
879 2854 966 2913 Rigalt.
991 2855 1037 2900 En.
1060 2853 1084 2902 2.
1106 2857 1132 2902 S.
1154 2879 1182 2890 -
1201 2856 1253 2903 Pur

258 2918 370 2961 libellum
392 2917 422 2961 P.
449 2917 487 2973 (de
506 2918 536 2964 ll.
560 2932 606 2962 non
630 2921 743 2975 constat.)
761 2946 794 2956 —
811 2921 905 2968 Parum
920 2925 1031 2969 libellum
1051 2940 1075 2981 p.
1098 2947 1127 2958 —
1145 2926 1253 2972 Puteum

259 2987 304 3031 tit.
323 2987 439 3031 liittersb.
459 3011 492 3020 -
509 2986 591 3032 Purnu
617 2988 734 3032 labellum
751 2992 869 3050 Bongacs.
895 2998 919 3037 et
935 3008 1020 3039 rursus
1038 2996 1117 3040 Bentl.
1162 2996 1196 3053 (5)
1213 3008 1253 3045 mo

258 3055 338 3100 Enim
356 3057 448 3102 Mente.
469 3056 564 3110 Bothe.)
583 3057 756 3117 l-scoturuis
774 3062 804 3106 P.
824 3061 854 3106 R.
868 3062 904 3117 p.)
927 3061 1011 3121 (lbid.)
1029 3062 1108 3123 nocis]
1128 3078 1151 3120 p.
1174 3068 1202 3122 S.
1216 3088 1252 3103 -

256 3125 327 3170 nobis
347 3126 376 3170 P.
394 3125 423 3170 ll.
461 3124 500 3183 (6)
519 3139 564 3169 nsc
584 3127 701 3187 unquam]
719 3131 836 3189 Bongacs.
856 3134 882 3179 S.
903 3153 936 3167 ·-
954 3147 983 3175 ns
1002 3147 1109 3193 unquam
1126 3135 1156 3178 P.
1177 3135 1207 3179 tt.
1222 3149 1247 3190 p.

257 3192 343 3251 (lund.)
360 3194 435 3255 Pelii]
459 3196 542 3241 llsins.
568 3198 594 3241 S.
627 3220 657 3230 -
684 3197 752 3243 Pelei
769 3201 799 3249 P.
819 3200 849 3243 ll.
868 3215 893 3256 p.
929 3198 986 3260 (12)
1004 3201 1104 3263 Aeetae]
1122 3218 1146 3259 p.
1166 3207 1193 3249 S.
1216 3226 1250 3240 -

256 3270 336 3309 oetuts
358 3266 388 3309 P.
409 3267 446 3320 (de
465 3266 495 3310 ll.
515 3270 635 3311 nonsatis
656 3267 770 3326 constat.)
805 3265 859 3324 (13)
877 3290 911 3302 -
927 3273 993 3315 eccle
1012 3272 1041 3317 P.
1077 3271 1134 3330 (16)
1152 3265 1249 3333 inficit]

211 3382 214 3389 ¹
257 3348 281 3389 p.
302 3334 328 3378 S.
347 3354 382 3367 -
404 3330 533 3397 interfecit
549 3335 578 3381 Ρ.
597 3337 627 3381 ll.
647 3366 651 3373 ·
670 3336 725 3394 (17)
743 3335 793 3395 cis]
811 3352 833 3393 p.
855 3340 880 3383 S.
905 3362 939 3374 --
957 3341 993 3385 uit
1011 3343 1041 3387 P.
1060 3343 1089 3386 ll.
1127 3341 1182 3401 (19)
1199 3342 1250 3387 As-

258 3415 323 3462 gasn
341 3401 435 3462 Minos]
455 3418 477 3459 p.
500 3406 525 3449 S.
550 3429 583 3439 -
612 3405 695 3467 Aegre
714 3406 817 3452 Anninus
833 3409 864 3455 P.
883 3406 930 3465 (De
951 3411 981 3456 R.
1000 3413 1121 3456 nonsatis
1140 3412 1253 3467 constat.)

255 3470 313 3529 (20)
331 3471 457 3532 impetum]
474 3486 499 3528 p.
519 3476 545 3518 S.
561 3499 594 3508 —
612 3476 744 3534 imperium
757 3479 785 3521 P.
806 3477 835 3522 ll.
872 3476 927 3536 (21)
945 3481 1022 3529 lector
1042 3476 1110 3535 Cato]
1127 3495 1150 3536 p.
1170 3483 1195 3527 S.
1215 3499 1249 3516 -·-

255 3541 317 3584 lecte
334 3548 403 3586 reato
422 3544 478 3597 (non
493 3545 570 3587 lector
588 3545 653 3602 cute)
672 3545 702 3590 P.
721 3547 751 3590 li.
788 3544 842 3603 (22)
862 3569 891 3580 ·-
904 3545 1004 3606 fabella
1022 3555 1044 3593 to
1065 3550 1151 3594 iubant
1168 3551 1197 3595 P.
1216 3552 1247 3596 ll.

257 3611 292 3666 (st
308 3610 354 3655 P.:
373 3608 537 3671 *sabulum
572 3609 626 3669 (25)
644 3615 686 3673 qui
703 3613 819 3674 stultitia]
838 3616 955 3675 Bongars.
974 3615 1058 3676 (tntu.)
1076 3621 1101 3663 S.
1123 3640 1152 3651 -
1171 3621 1251 3679 siqui

256 3679 389 3723 stultitiam
405 3681 435 3725 P.
452 3680 482 3723 ll.
496 3694 519 3735 p.
539 3682 576 3735 (ln
595 3682 624 3726 ll.
647 3698 661 3726 a
677 3698 709 3731 nt·
729 3698 777 3728 sec.
793 3699 874 3730 erasae
895 3684 941 3731 titt.
959 3689 1037 3743 ticm3
1058 3693 1082 3732 ut
1099 3690 1146 3734 sit:
1165 3691 1190 3735 si
1207 3690 1251 3747 qui

255 3749 325 3793 stulti
340 3755 479 3802 nauseant,
507 3763 567 3806 qnae
593 3751 652 3810 Εἰς.
675 3758 711 3797 est
734 3755 803 3799 lectio
822 3754 845 3797 in
867 3754 913 3799 Ed.
937 3753 975 3811 2.)
1000 3777 1029 3788 -
1055 3757 1097 3816 qui
1114 3758 1248 3803 stultitiam

255 3824 382 3863 nauseant
399 3818 482 3863 listel.
519 3816 558 3874 (ln
576 3821 607 3870 P.
626 3825 663 3865 eat
675 3820 819 3880 nausiant.)

307 3886 366 3932 Pas.
395 3888 462 3935 Vlll.
510 3888 547 3944 (ί)
571 3910 604 3924 -·
627 3890 803 3937 inundationem
831 3892 862 3938 P.
893 3893 923 3938 tt.
973 3891 1010 3952 (2)
1042 3919 1075 3930 -
1092 3895 1198 3942 discribi
1215 3895 1245 3941 ll.
