2834 4630
331 925 643 1016 NICOLAUS
679 925 1002 1017 PEROTTUS

428 1094 635 1187 coniunx
654 1094 898 1155 amouimus

177 1226 1158 1328 nrauuuuuouveueuio

374 1391 578 1438 vt‘rnnntnttst
597 1390 731 1441 couctvt
749 1391 811 1439 SUO
829 1393 855 1437 S.
875 1393 906 1438 Ρ.
924 1392 955 1437 D.

566 1568 753 1583 ἡ

237 1735 337 1814 Quod
360 1747 436 1819 post
462 1736 614 1821 epistolas
647 1747 788 1812 nostras,
825 1755 904 1820 quas
931 1743 1021 1798 tanto
1050 1732 1158 1799 studio
1226 1728 1229 1741 ¹

173 1835 351 1922 collegisti,
384 1838 563 1904 versiculos
585 1838 679 1905 etiam
700 1849 832 1903 nostros
855 1833 1044 1922 collegeris,
1072 1834 1158 1900 etin

170 1936 313 2002 libellum
349 1939 568 2024 disposueris,
602 1964 667 2028 ago
700 1939 763 2005 tibi
794 1939 992 2004 immortales
1022 1937 1157 2025 gratias.

144 2030 148 2037 ’
170 2041 325 2129 Intelligo
339 2044 444 2120 enim,
467 2044 577 2130 quanti
593 2057 704 2110 nostra
723 2042 829 2109 omnia
845 2042 964 2119 facias,
986 2060 1081 2126 quam
1095 2062 1157 2107 nos

169 2166 273 2222 ames,
296 2158 446 2231 quantum
461 2147 547 2212 laudi
560 2158 593 2213 et
607 2146 733 2233 gloriae
743 2158 873 2212 nostrae
887 2142 1048 2212 consulas.
1089 2145 1157 2209 Sed
1183 2132 1185 2141 Α

168 2247 403 2332 providendum
413 2249 477 2314 tibi
491 2261 554 2328 est,
576 2272 616 2316 nc
632 2250 720 2315 cuius
739 2245 973 2315 immortalitati
988 2257 1157 2331 tantopere

168 2354 293 2428 studes,
317 2352 385 2418 cius
410 2353 571 2437 praesenti
600 2352 829 2421 existimationi
856 2371 923 2417 non
949 2348 1158 2416 mediocriter

168 2456 330 2520 detrahas.
375 2459 455 2534 Sunt
484 2457 586 2535 enim,
622 2470 658 2522 ut
692 2461 733 2522 ad
763 2468 796 2522 tc
832 2454 910 2521 alias
940 2450 979 2519 de
1009 2450 1157 2537 epistolis

168 2555 299 2641 scripsi,
335 2557 419 2623 inter
452 2561 629 2626 versiculos
657 2572 789 2626 nostros
817 2555 933 2646 aliqui,
967 2577 1051 2642 quos
1075 2554 1155 2620 olim

167 2660 384 2747 adolescentes
398 2662 547 2742 lusimus,
569 2663 625 2751 qui
644 2664 672 2729 si
690 2666 752 2728 hac
773 2672 875 2728 aetate
896 2657 1154 2744 etpruscssione

1 2773 2 2776 ’
110 2806 113 2811 -
165 2773 278 2826 nostra
296 2763 410 2847 scripti
431 2789 449 2829 a
470 2767 565 2835 nobis
580 2767 781 2844 viderentur,
802 2765 873 2830 iure
886 2764 1024 2829 fortasse
1038 2782 1153 2845 repre·

141 2880 147 2890 ·
166 2865 322 2931 honsione
340 2868 429 2952 digni
443 2881 643 2951 putaremur:
668 2870 762 2934 relati
777 2891 856 2934 vero
869 2871 909 2932 ad
925 2889 993 2933 eam
1005 2874 1151 2941 aetatem,

165 2966 249 3059 nihil
273 2991 341 3055 quo
372 2970 495 3054 culpari
519 2994 686 3056 possemus
694 2975 738 3051 ²),
774 2974 942 3035 habereut.
987 2966 1152 3035 Permissa

88 3092 90 3099 ’
166 3069 288 3157 quippe
316 3071 434 3137 iamdiu
466 3085 514 3139 est
542 3077 622 3140 haec
653 3074 781 3139 ludendi
808 3072 936 3138 licentia
961 3093 1027 3137 non
1049 3071 1149 3134 modo

165 3174 438 3254 adolescentibus,
462 3177 629 3242 sedetiam
653 3175 861 3265 gravioribus
882 3175 1009 3259 poiitis3
1038 3194 1151 3259 quam·

164 3299 258 3364 quam
275 3302 291 3342 a
306 3279 406 3344 nobis
417 3283 460 3345 ob
476 3281 683 3363 pontificatus
694 3281 879 3368 dignitatem
895 3278 997 3344 aliena
1009 3278 1150 3342 sortasse

70 3394 81 3413 Χ
162 3393 276 3465 posset
295 3381 484 3448 existimari.
528 3386 579 3449 Da
608 3385 709 3472 igitur
734 3407 883 3468 operam,
916 3394 951 3446 ut
969 3378 1149 3464 intelligant

163 3485 324 3570 legentes,
359 3509 441 3572 quac
467 3488 722 3553 adolescentibus
749 3487 844 3553 nobis
872 3498 904 3552 et
930 3484 1015 3548 nulla
1042 3485 1148 3546 adhuc

163 3587 321 3674 dignitate
341 3589 494 3674 praeditis
515 3591 712 3671 exciderint,
734 3613 816 3679 quae
831 3594 892 3656 hac
905 3598 1007 3655 aetate
1026 3585 1148 3671 scripta
1178 3580 1188 3595 ⁴

214 3784 254 3850 (ll
277 3790 313 3836 lta
330 3792 456 3848 perspicus
473 3796 498 3838 ot
514 3796 557 3849 per
574 3800 697 3839 extensum
714 3797 738 3840 iu
756 3795 818 3840 θοὰ.
834 3795 891 3840 vat.
927 3792 959 3838 Aa
972 3791 1047 3836 editio
1066 3787 1142 3841 neap.

159 3857 275 3907 Marino·
312 3861 359 3907 Sed
378 3863 441 3906 cuins
459 3863 534 3909 codex
551 3862 604 3920 ipss
619 3864 694 3920 Naap.
715 3866 773 3910 milti
791 3867 820 3910 ad
839 3864 965 3923 legendum
983 3861 1085 3906 comiter
1102 3854 1146 3896 ob·

160 3931 238 3987 tatus,
269 3932 307 3978 tal
322 3928 418 3976 Manno
436 3932 545 3987 exhibet,
577 3934 614 3977 vet
635 3938 734 3993 propter
755 3934 926 3980 obscuritatem
949 3935 998 3977 tuta
1022 3927 1070 3986 legi
1095 3935 1144 3968 ⁰0¹¹

55 4026 59 4031 -
159 4005 248 4058 potest.
284 3999 326 4061 (ἵ)
342 4000 404 4048 God.
418 4012 521 4062 potua.
539 4002 610 4050 tldl.
