2870 4626
243 325 283 388 66

248 465 312 527 Sed
334 481 407 545 spes
428 459 541 525 fefellit
562 459 772 542 impudentem
795 453 973 520 arrdariam:

248 565 464 648 Comprensus
486 583 619 646 namque
635 580 755 643 poenos
776 558 932 653 persolvit
953 575 1060 619 errice.
1128 655 1130 661 ἲ
1197 557 1241 616 10

656 775 753 838 [uun.
772 776 833 837 vn]

537 927 697 995 nosen
718 928 780 990 nu
802 884 951 991 nunu.

289 1072 405 1135 Musca
419 1070 458 1133 -in
479 1067 705 1134 remonesedit
726 1076 758 1128 et
779 1066 893 1129 mulam
914 1064 1100 1147 increpans,

63 1194 67 1201 ‘
149 1246 154 1257 s
215 1156 218 1161 Ι
250 1175 354 1254 Quam
375 1175 462 1235 tarde
485 1175 536 1233 es!
556 1170 675 1253 iuquit:
699 1190 762 1233 nou
784 1167 843 1232 vis‘
857 1167 948 1231 citius
969 1166 1143 1251 progredi?
1180 1214 1182 1219 .

247 1277 352 1351 Vide,
377 1295 415 1338 ne
436 1275 552 1338 dolone
575 1273 690 1336 collum
711 1292 924 1356 compungam
946 1269 1017 1333 tibi.

249 1378 427 1460 Respondit
447 1375 520 1440 illa:
543 1374 663 1439 Verbis
684 1396 747 1439 non
770 1394 904 1438 moveor
925 1372 1005 1446 tuis;

251 1484 314 1545 Sed
335 1479 429 1542 istum
451 1479 567 1553 timeo,
590 1478 668 1540 sella
690 1477 745 1561 qui
765 1477 866 1560 prima
889 1478 1001 1539 sedens

249 1584 363 1667 Iugum
384 1582 513 1667 flagello
536 1576 692 1662 'temperat
713 1581 799 1643 lento
823 1599 925 1641 meum

249 1686 293 1748 Et
315 1706 373 1748 ora
393 1684 492 1748 frenis
515 1683 654 1748 continet
675 1681 914 1764 spumantibus:
948 1698 950 1705 ·

251 1787 567 1869 Quaproptereuler
587 1784 736 1849 frivolam
758 1782 977 1848 insolentiam:

251 1891 332 1953 Nam
354 1888 409 1952 ubi
430 1887 634 1964 †trie'sudum
656 1897 687 1949 et
710 1884 764 1949 obi
785 1889 972 1950 currendum
994 1884 1036 1948 sit
1056 1884 1135 1950 seio.

293 1993 365 2055 Hac
386 1989 520 2053 derideri
540 1988 648 2052 fabula
671 1988 785 2051 merito
806 1999 932 2070 potest,
984 2050 990 2057 ,
1200 1989 1245 2051 10

252 2093 317 2172 Qui
338 2091 404 2156 sine
427 2092 543 2156 virtute
566 2112 660 2155 vanas
682 2103 811 2154 exercet
833 2093 943 2153 minas.

659 2308 756 2369 [sun.
775 2309 847 2371 vn.)

528 2460 678 2526 nunus
694 2458 767 2547 nn
792 2457 973 2523 cnnnni.

294 2601 397 2681 Quem
418 2597 517 2663 duleis
539 2599 579 2662 sit
599 2599 748 2675 libertas,
772 2597 912 2661 breviter
933 2597 1122 2683 proloquar.

252 2701 334 2768 Cani
354 2714 507 2786 perpasto
530 2701 629 2779 mneie
650 2702 814 2766 conlectus
836 2702 928 2784 lupus

298 2921 362 2985 Pir.
381 2920 425 2967 Vl.
462 2919 500 2979 (l)
524 2926 618 2966 temone
637 2920 667 2966 N.
689 2935 713 2977 p.
730 2922 756 2967 S.
775 2923 917 2967 -tlmone
935 2920 965 2967 P.
984 2923 1013 2971 ll.
1050 2920 1091 2981 (2)
1108 2943 1144 2957 —
1161 2921 1243 2978 tarde,

182 2978 185 2991 ’
252 2992 332 3051 inquil
349 2991 380 3036 tt.
399 2995 459 3036 teste
479 2991 572 3048 Gudlo;
591 3005 637 3036 uon
662 2997 730 3036 notat
744 2993 813 3037 Vino.
850 2984 934 3049 (lbid.)
952 2993 1031 3051 inquit
1047 2991 1106 3048 non]
1124 2992 1153 3041 N.
1172 3007 1197 3048 p.
1215 2994 1243 3037 S.

249 3083 284 3097 ·-
301 3061 421 3121 inquitet
440 3073 491 3105 non
507 3062 537 3106 P.
556 3061 587 3106 R.
623 3058 662 3121 (3)
679 3058 776 3120 dolone]
789 3075 812 3116 p.
832 3063 858 3107 S.
882 3060 1007 3106 -dolose
1025 3063 1055 3108 P.
1075 3086 1108 3098 ·-
1125 3060 1195 3107 dolor
1211 3063 1243 3107 ll.

250 3136 309 3176 teste
325 3130 408 3193 Ἦρα.
433 3154 466 3164 -
483 3129 570 3176 doloso
588 3130 618 3175 N.
655 3128 693 3186 (6)
711 3129 803 3190 meum]
822 3155 855 3164 -
872 3143 926 3175 meo
945 3131 973 3175 P.
994 3146 1007 3176 a
1029 3133 1106 3187 prime
1127 3146 1160 3177 m.
1183 3133 1244 3177 Dein

248 3205 393 3246 correctum.
421 3224 455 3235 —
476 3199 617 3264 flagellans
642 3200 762 3257 temperet
788 3197 851 3244 eollo
870 3213 950 3244 meum
976 3201 1006 3246 N.
1042 3199 1079 3257 (7)
1093 3208 1121 3246 et
1137 3200 1193 3260 ora]
1212 3201 1243 3245 N.

248 3270 349 3343 Proseltr
369 3272 396 3315 S.
413 3288 449 3303 -
464 3276 490 3314 et
514 3272 570 3315 loru
593 3272 623 3316 P.
651 3271 681 3319 R.
701 3283 725 3325 p.
773 3267 813 3327 (9)
830 3268 895 3314 Nam
910 3268 963 3329 udi]
980 3271 1010 3315 P.
1029 3272 1061 3319 tt.
1080 3285 1104 3326 p.
1125 3272 1189 3319 zen.
1206 3279 1249 3316 oo

249 3337 362 3398 Notaque
374 3339 416 3384 ubi
430 3339 485 3398 lug.
499 3341 525 3384 S.
545 3364 578 3374 -
595 3339 659 3385 Num
672 3339 747 3384 stubi
757 3339 834 3384 Reull.
871 3340 935 3384 llaec
945 3340 1024 3384 future
1037 3341 1114 3385 miuus
1135 3353 1244 3386 neeessa-

246 3410 284 3452 riu
302 3422 402 3463 censeo,
433 3412 574 3464 praesertim
603 3409 642 3454 ulri
668 3412 760 3468 legatur
780 3409 949 3469 strigundum.
986 3408 1074 3467 (ibid.)
1092 3406 1244 3467 tricandum]

247 3478 267 3522 P
294 3478 324 3521 tt.
344 3491 368 3533 p.
388 3480 416 3522 S.
434 3488 473 3525 ω
489 3477 649 3539 strigandum
662 3480 762 3529 Gruter.
799 3479 853 3538 ng.
880 3481 961 3524 Burin.
988 3481 1047 3524 Mihi
1075 3493 1167 3538 quoque
1198 3481 1243 3523 hoe
1296 3492 1300 3497 ·

248 3560 332 3591 verum
348 3548 455 3603 videtur,
475 3549 549 3592 etism
567 3554 619 3604 post
638 3555 747 3594 accurate
764 3550 904 3604 pensitatum
922 3549 1037 3593 Schwrbii
1054 3549 1186 3594 Excursum
1199 3549 1241 3592 vt.

248 3616 419 3675 Negurienlm
442 3619 523 3674 nequit
543 3618 567 3662 lu
588 3631 612 3661 v.
635 3618 745 3664 tricundt'
762 3622 841 3664 inesse
863 3619 968 3662 malitiae
983 3620 1104 3662 cuiusdam
1122 3619 1243 3663 notionem

246 3685 323 3730 iniuus
341 3685 395 3730 huie
414 3687 466 3729 loeo
487 3689 676 3742 convenientem,
696 3694 779 3732 eontra
796 3702 819 3732 v.
839 3685 981 3747 attigendi,
1010 3690 1038 3732 de
1062 3691 1173 3733 iumentis
1190 3701 1242 3732 ere-

248 3754 294 3799 bro
309 3755 436 3808 usitatum,
457 3757 559 3813 quietem
577 3762 676 3811 propter
689 3760 872 3815 qualemcunque
891 3770 1001 3811 eausam,
1026 3757 1050 3801 h.
1071 3760 1104 3813 l.‚
1125 3760 1188 3802 inula
1207 3759 1243 3800 lo·

246 3829 347 3882 eluente,
376 3825 446 3869 etiam
478 3828 635 3869 voluntariam
661 3829 749 3882 optime
782 3825 908 3885 significet.
959 3827 1022 3881 lem,
1051 3827 1083 3871 itu
1114 3828 1241 3871 constituto

246 3894 379 3947 versiculo,
410 3908 506 3940 neeesse
530 3900 566 3940 est
592 3909 655 3939 eum*
672 3897 749 3941 Bentl.
770 3898 889 3956 legamus:
917 3895 1067 3940 onerandum
1092 3885 1149 3950 sit}
1170 3896 1242 3939 nullis

247 3964 309 4009 enim
328 3964 442 4008 mechiris
467 3965 529 4009 ellici
557 3967 659 4021 poterit,
688 3971 714 4010 ut
739 3966 871 4011 huinsmodi
896 3968 988 4019 syllaba
1012 3972 1125 4011 umente
1149 3980 1171 4010 v.
1207 3969 1245 4007 see
