2834 4630
1080 356 1082 369 ’
1115 344 1175 407 217

138 512 143 533 ·
174 486 239 550 nlla
261 509 302 550 ex
326 496 417 569 parte
438 508 507 549 cnm
531 486 618 550 Afro
639 486 753 551 nostro
777 489 1011 568 comparando,
1043 483 1177 577 denique

174 594 213 653 de
239 591 341 654 Floro
371 589 585 653 Wernsdorfii
612 612 704 653 nemo
736 612 847 665 sanus,
881 602 915 652 ot
941 590 1079 672 opinor,
1116 587 1178 650 ianr

173 692 343 777 cogitabit.
396 693 491 774 Quae
519 706 621 756 autern
652 694 791 774 suspicio
829 694 950 755 moveri
978 702 1107 772 poterat
1137 712 1179 753 ex

173 796 231 872 iis,
264 818 344 877 qnae
366 796 606 861 Wernsdorfins
629 795 736 858 retulit
768 796 799 857 in
831 795 1009 859 Addendir
1036 794 1118 858 vot.
1145 795 1177 857 5.
1228 779 1235 788 ¹

175 901 217 963 P.
232 899 263 960 2.
282 922 314 980 p.
333 899 444 963 Miro:
469 900 653 979 „Gyraldna
674 900 712 959 de
731 898 837 980 poetis
853 897 939 962 Dial.
960 899 1025 962 IV.
1046 919 1080 979 p.
1102 897 1177 960 262.

175 1001 220 1079 (in
247 1002 335 1064 Edit.
368 1001 469 1063 Basil.
499 1001 571 1063 anni
598 1002 692 1063 1580.
717 1012 764 1064 est
785 1023 820 1083 p.
853 1002 930 1066 191.
957 1022 988 1064 a.
1012 1033 1052 1044 -
1075 999 1180 1081 dupli·

176 1116 289 1166 cantnr
308 1104 389 1166 enirn
412 1103 533 1177 numeri
544 1109 569 1182 t)
592 1105 669 1166 haec
691 1105 805 1167 habet:
831 1103 906 1168 Fuit
922 1116 953 1167 et
975 1103 1178 1167 Theodosius

178 1206 371 1288 Tripolites,
410 1218 563 1288 utputo,
595 1228 637 1269 ex
658 1205 790 1283 Africa,
815 1206 870 1291 qni
889 1229 1017 1271 carmen
1046 1225 1180 1288 compo-

177 1308 257 1384 suit,
296 1312 383 1392 qnod
407 1313 477 1376 Ver
498 1308 705 1392 inscripsit:”
726 1341 768 1354 -
789 1331 825 1372 ea
849 1331 929 1374 vero
952 1310 1112 1393 suspicio,
1148 1309 1180 1372 in

177 1435 269 1497 qnam
294 1412 365 1496 quis
389 1434 423 1475 re
445 1414 529 1479 haud
552 1413 728 1476 accuratius
744 1413 919 1477 examinata
945 1414 1017 1479 ideo
1042 1413 1180 1477 incidere

176 1529 324 1599 poterat,
349 1515 422 1599 qiria
443 1516 474 1578 in
489 1515 565 1579 Atti
586 1515 696 1581 codice
715 1528 859 1579 nostrum
879 1519 995 1599 po'e‘nra
1021 1520 1090 1584 Ver
1112 1528 1181 1580 erat

175 1620 381 1702 inscriptum,
399 1619 501 1683 atatim
516 1632 702 1696 evanescet,
726 1618 781 1681 ubi
793 1620 970 1684 memineris
983 1623 1061 1684 haec
1076 1619 1182 1686 omnia

177 1722 363 1805 simpliciter
379 1722 537 1805 exscripta
557 1744 663 1789 essee
690 1722 783 1784 Snida
801 1722 834 1785 in
859 1747 892 1786 v.
920 1719 1098 1803 Θεοδόσιος
1116 1726 1180 1788 Ed.

180 1826 313 1891 Kusteri
332 1826 414 1891 Vol.
439 1826 468 1891 2.
490 1847 524 1907 p.
551 1826 624 1889 171.
650 1825 733 1888 Satis
752 1839 856 1889 antem
872 1828 1038 1909 explosum
1059 1827 1121 1891 iam
1141 1831 1181 1892 ab

178 1930 246 1993 aliis
276 1930 370 1995 video
402 1929 506 2012 Sarpii
537 1939 679 1992 errorem
704 1929 736 1995 in
764 1930 1032 2013 Qreaeetionibmc
1056 1932 1187 2015 philol.
1294 1976 1303 1991 .

166 2032 350 2117 ‘Rostochii
373 2033 467 2096 1819.
490 2054 525 2115 p.
550 2033 604 2096 36.
628 2032 848 2109 commissum,
885 2034 941 2117 qui
971 2034 1064 2098 nimia
1087 2057 1181 2120 saga·

179 2137 275 2200 citate
302 2138 442 2212 abusus,
481 2149 616 2218 proptor
643 2135 809 2201 Barthiani
842 2137 1014 2222 fragmenti
1047 2139 1182 2202 indicem

180 2243 245 2304 hoc
265 2241 398 2322 po'e‘ma,
437 2239 580 2322 exceptis
598 2239 708 2321 primis
731 2239 879 2303 versibus
905 2263 1038 2305 numero
1061 2244 1180 2308 XXII.

179 2345 339 2407 tribuebat
356 2345 499 2407 Thornae
519 2344 658 2407 Senecae
677 2342 837 2419 Camerti,
861 2343 982 2407 homini
1004 2346 1088 2410 Italo
1107 2348 1182 2410 Sec.

181 2449 293 2524 XV.,
335 2447 499 2511 notissimo
532 2460 674 2509 veterum
707 2446 902 2528 scriptorum
932 2447 1185 2531 interpolatori,

181 2572 278 2636 quum
300 2544 403 2613 tamen
433 2551 590 2632 po‘e‘matis
613 2548 741 2613 codices
772 2549 834 2631 ipsi
863 2572 920 2613 aex
944 2563 1106 2634 septemve
1132 2574 1211 2617 ses
1303 2552 1306 2575 ¹

181 2654 260 2716 culis
282 2653 412 2717 huiusce
438 2657 578 2718 Senecae
608 2666 741 2716 aetatem
765 2656 969 2734 praecedant.
1028 2656 1182 2719 Idunum

181 2768 367 2820 certumest
381 2758 592 2843 antiquiorem
613 2758 712 2821 iniase
727 2769 871 2820 nostrum
892 2760 1021 2841 po'e‘tam
1039 2759 1185 2843 Fulgen·
1275 2836 1283 2847 ,

181 2859 248 2936 tio,
287 2858 341 2943 qui
363 2862 442 2924 duos
468 2862 535 2923 eins
558 2860 733 2924 versiculos
756 2859 893 2924 imitatus
924 2873 972 2923 est
997 2862 1049 2924 vel
1077 2862 1185 2947 potius

181 2960 383 3042 impudenter
401 2962 603 3045 transcripsit
626 2962 658 3025 in
680 2963 871 3048 Mytholog.
895 2964 973 3028 Lib.
996 2967 1025 3031 Ι.
1049 2987 1084 3049 p.
1109 2968 1183 3031 005.

182 3067 249 3131 Ed.
273 3085 333 3129 van
357 3066 531 3128 staveren:

408 3206 491 3259 Ferte
509 3205 632 3275 gradum
647 3214 835 3278 properantes

357 3362 363 3373 .
443 3300 490 3353 De
507 3305 611 3352 viretis
628 3301 755 3366 collium,

409 3393 463 3448 Ubi·
479 3402 583 3463 guttas
591 3395 764 3465 floridentas

443 3487 533 3539 Mane
552 3497 653 3541 rorant
668 3506 829 3560 purpuram·
849 3494 851 3499 '

407 3581 516 3634 Humor
534 3581 649 3650 algens,
668 3602 748 3654 quem
765 3587 872 3634 serenis
966 3630 970 3633 ,

448 3677 540 3727 Astra
559 3674 663 3727 sudant
681 3677 818 3731 noctibus.

248 3790 331 3853 Nam
347 3789 435 3871 qnod
446 3786 706 3887 Wernsdorfiua,
722 3788 918 3871 praeiudicio
929 3790 1016 3854 sacto
1030 3794 1068 3854 de
1084 3792 1186 3856 Floro

185 3913 245 3955 sno
275 3893 387 3971 (Toni.
415 3891 455 3966 3.
469 3912 505 3973 p.
532 3891 621 3969 449.)
644 3891 763 3953 censuit
791 3912 808 3953 a
832 3891 1009 3974 Calpurnio
1034 3897 1186 3977 quaedam

185 4017 203 4060 e
234 3992 416 4078 Pei-vigilio
448 3995 636 4077 deprompta
668 4015 752 4073 eoae,
788 3993 822 4057 id
848 3995 968 4069 rectius
999 4009 1188 4060 convertere
