2870 4626
270 282 309 342 74

269 419 442 484 Concurrit
462 422 614 503 populus.
658 421 717 484 Ille
739 442 772 483 se
794 432 925 505 torquet
945 421 999 484 diu

268 524 338 586 Nec
359 521 552 605 qliaestionis
572 521 696 604 positae
718 544 841 586 caussam
863 522 1037 606 intellegit.

267 612 451 688 Novissime
472 626 660 687 succumbit.
705 627 788 688 Tum
812 625 916 688 victor
938 626 1076 707 sophus:

268 726 344 791 Cito
366 748 493 808 rumpes
515 749 641 803 arcum,
664 749 790 809 semper
811 729 837 792 si
859 739 979 790 tensum
1000 727 1166 802 hahueris3
1198 782 1201 785 .
1224 732 1273 791 10

266 828 518 905 naisitanus,
543 852 638 913 quum
662 831 751 893 voles
775 830 833 892 erit
856 829 953 892 utilis.

310 930 363 994 Sic
385 932 603 995 ludus'animo
625 934 718 996 debet
741 931 908 1012 aliquando
930 932 1018 1012 dari,
1080 991 1084 997 .

268 1035 322 1099 Ad
343 1035 545 1119 cogitandum
567 1033 680 1098 melior
701 1046 736 1097 ut
756 1034 864 1098 redeat
886 1033 956 1099 tibi.
996 1018 1020 1067 ¹.

660 1251 758 1313 [rar.
777 1255 835 1301 av.
846 1253 856 1315 1

551 1392 688 1459 CANIS
710 1394 774 1458 AD
796 1395 981 1459 AGNUM.

310 1535 399 1597 lnter
421 1533 557 1616 capellas
578 1556 661 1618 agno
684 1535 804 1597 balanti
825 1534 929 1598 canis:

270 1638 391 1711 Stulte,
414 1636 533 1721 inquit,
558 1658 665 1711 erras3
690 1659 754 1700 non
778 1649 825 1701 est
845 1639 898 1700 hle
919 1649 1019 1702 mater
1041 1650 1113 1716 tua3

272 1742 423 1823 Ovesque
445 1751 628 1825 segregatas
650 1741 788 1804 ostendit
808 1740 934 1822 procul.

269 1845 345 1907 Non
365 1843 448 1904 illam
471 1863 610 1926 quaero,
635 1865 735 1927 quae,
758 1866 854 1927 quum
876 1843 997 1907 libitum
1019 1855 1085 1921 est,
1109 1847 1264 1931 concipit,

268 1946 352 2010 Dein
374 1956 481 2026 portat
504 1966 584 2009 onus
605 1945 749 2029 ignotum
771 1945 867 2009 certis
890 1946 1064 2026 mensibus,
1242 1951 1264 2015 5

269 2047 452 2112 Novissime
474 2048 654 2130 prolapsam
678 2049 810 2111 effundit
830 2049 1000 2124 sarcinam

260 2153 393 2221 'Verum
415 2151 515 2226 illam,
538 2173 617 2233 qnae
641 2174 690 2213 me
711 2151 809 2213 nutrit
831 2154 958 2216 admoto
982 2155 1079 2215 ubere

268 2255 470 2338 Fraudatque
492 2265 583 2318 natos
606 2255 704 2329 lacte,
730 2275 769 2316 ne
792 2253 870 2316 desit
893 2254 980 2317 mihi.
1005 2270 1006 2279 ¹

270 2359 391 2445 Tamen
406 2347 466 2418 'illa
488 2368 536 2419 est
555 2356 682 2438 potior,
706 2376 785 2438 quae
807 2367 838 2418 te
859 2358 997 2438 peperit.
1041 2358 1115 2424 Non
1137 2358 1180 2422 ita
1200 2372 1261 2424 est.

269 2460 360 2524 Unde
383 2460 434 2521 illa
457 2458 566 2533 scivit,
592 2459 682 2542 niger
705 2479 742 2519 an
765 2459 854 2522 albus
876 2459 1062 2524 nascerer?
1223 2466 1264 2526 10

268 2562 342 2645 Age
363 2582 483 2645 porr03
507 2582 618 2643 parere
640 2561 668 2624 si
689 2561 844 2626 voluisset
864 2561 1028 2639 seminam,

321 2763 372 2806 Fau
401 2763 470 2806 xlv.
508 2758 545 2818 (3)
572 2760 690 2820 delirum]
719 2763 750 2808 Ν.
774 2777 798 2819 p.
819 2766 845 2809 8.
867 2786 896 2796 -
916 2764 1027 2809 delerem
1044 2765 1074 2809 P.
1089 2766 1120 2810 R.
1165 2763 1204 2823 (l)
1231 2788 1260 2798 -

270 2831 300 2877 Ut
314 2831 452 2880 derisorem
465 2832 550 2888 potius
574 2830 704 2876 ridendum
724 2832 865 2878 ostenderet
882 2834 913 2879 N.
934 2835 963 2892 (Α
984 2849 1020 2889 pr.
1040 2848 1110 2879 manu
1128 2834 1175 2881 N.:
1192 2828 1264 2879 'deri'-

268 2901 396 2957 demium.)
442 2898 476 2957 (8)
506 2923 536 2933 -
564 2902 648 2958 poilne
674 2917 726 2946 curu
754 2904 841 2948 lineola
862 2903 898 2949 N.
948 2903 983 2960 (9)
1009 2926 1038 2937 -
1065 2903 1209 2951 Nonianum
1229 2905 1261 2949 R.
1349 2942 1352 2947 .

269 2971 352 3029 (ibid.)
379 2973 456 3017 victor
476 2968 579 3029 sopitus]
602 2972 719 3030 Bongars.
738 2975 762 3017 in
781 2976 882 3029 exempl.
904 2975 978 3018 Bern.
1021 2973 1100 3018 Etiam
1120 2975 1264 3019 Franciscus

267 3043 397 3096 Pithoeus,
425 3046 485 3085 teste
504 3041 592 3084 Zellio.
612 3043 639 3085 8.
659 3066 691 3075 -
709 3042 787 3086 cietur
812 3042 924 3101 Aeropus
952 3044 981 3087 P.
1007 3044 1036 3088 R.
1063 3058 1087 3099 p.
1104 3042 1203 3100 (Petrus
1221 3043 1263 3087 Pi·

268 3114 352 3157 thoeus
370 3125 423 3157 cum
444 3108 584 3166 asterisco.)
603 3136 636 3145 —
654 3124 711 3157 nero
724 3111 836 3170 Aesopus
854 3112 884 3157 N.
922 3111 975 3169 (10)
993 3137 1026 3146 -
1044 3115 1069 3156 ai
1082 3118 1179 3157 teneura
1197 3127 1261 3157 rem-

265 3198 313 3241 per
331 3181 361 3226 N.
399 3176 456 3238 (11)
477 3205 508 3214 --
527 3181 657 3227 laxaveris
677 3182 706 3227 N.
750 3170 805 3240 (1‘2)
829 3181 903 3226 ludus
922 3208 932 3217 -
951 3207 960 3216 -
979 3180 1050 3225 dehet
1067 3183 1154 3230 Scheff.
1178 3183 1262 3226 Burin.

269 3253 295 3301 S.
315 3276 348 3285 -
365 3252 437 3295 lucus
456 3269 468 3287 -·
484 3277 494 3286 ·
512 3249 582 3295 dedet
599 3250 630 3296 N.
651 3251 731 3296 Ursin.
746 3275 779 3286 -
796 3253 869 3295 lusus
887 3277 897 3287 ·
915 3275 925 3288 ·
945 3250 1033 3295 debent
1048 3251 1078 3296 P.
1104 3253 1134 3296 ll.
1155 3265 1178 3307 p.
1198 3252 1262 3296 Zell.

269 3321 360 3373 duobus
379 3335 432 3365 cum
450 3322 559 3374 dactylis.
597 3317 652 3377 (13)
670 3343 704 3356 -
721 3319 760 3365 Aa
777 3335 798 3369 c.
819 3326 845 3364 ut
862 3321 900 3364 sic
918 3321 1006 3364 melior
1025 3321 1112 3366 redeat
1129 3321 1159 3372 N.

321 3392 380 3434 Ple.
400 3390 456 3434 XV.
494 3389 531 3448 (1)
556 3388 663 3449 balanti]
687 3389 718 3435 N.
743 3404 767 3446 p.
792 3391 818 3435 8.
838 3415 871 3425 -
896 3391 1001 3434 bellenti
1018 3390 1046 3438 P.
1068 3392 1097 3435 R.
1118 3415 1151 3424 -
1167 3390 1266 3449 pulcanti

138 3452 142 3467 ‘
179 3512 181 3518 Α
268 3460 369 3514 Prasch.
390 3460 463 3504 Salui.
483 3461 560 3505 Bentl.
580 3459 624 3519 (—
644 3459 843 3520 oagantiflom.)
885 3458 925 3519 (2)
943 3457 993 3518 hic]
1020 3461 1049 3504 N.
1074 3461 1105 3505 A.
1123 3461 1218 3504 Romul.
1238 3461 1266 3505 S.

269 3554 303 3572 .-
320 3527 382 3573 lraec
398 3529 428 3573 P.
447 3529 477 3573 ll.
497 3544 520 3584 p.
558 3527 598 3587 (5)
615 3530 682 3574 Dein
696 3528 792 3588 portat]
812 3544 835 3585 p.
867 3531 893 3574 S.
913 3529 1049 3574 -deinde
1072 3537 1158 3589 portet
1182 3531 1211 3574 P.
1234 3529 1264 3573 ll.

203 3614 208 3618 ·
269 3618 306 3634 -
321 3597 380 3667 dein
390 3594 447 3657 sert
461 3598 492 3643 N.
529 3596 565 3654 (7)
583 3622 616 3633 --
634 3598 767 3643 admodum
783 3595 842 3656 (sic)
857 3598 931 3643 ubere
948 3599 978 3643 N.
1015 3597 1052 3655 (9)
1071 3624 1103 3634 -
1122 3601 1168 3643 illa
1181 3599 1267 3656 potior

268 3682 331 3728 quoe
351 3667 451 3726 peperit
472 3668 503 3713 N.
540 3665 597 3725 (10)
618 3690 646 3700 -
666 3675 815 3713 nasceretur
832 3668 863 3712 N.
900 3666 956 3726 (11.
977 3666 1021 3724 12)
1039 3668 1093 3729 Age
1108 3681 1202 3726 porro3
1220 3682 1266 3725 pa-

270 3753 328 3783 rere
345 3738 369 3781 si
386 3737 504 3782 voluisset
519 3734 660 3795 seminam,
687 3737 753 3798 Quid
768 3734 934 3796 profecisset,
954 3752 1028 3797 quum
1047 3753 1150 3782 crearer
1168 3751 1266 3781 inaccu-

269 3806 339 3866 lust]
358 3808 398 3851 Sic
416 3807 445 3851 N.
482 3808 508 3851 ln
527 3807 556 3851 P.
575 3808 623 3849 duo
640 3808 795 3871 hiwversiculi
813 3808 972 3851 rectissimam
991 3810 1132 3852 sententiam
1151 3807 1267 3862 praeben-

270 3884 306 3923 tes
324 3892 350 3921 ac
371 3877 482 3920 Phaedro
501 3890 601 3935 prorsus
621 3878 685 3935 digni
707 3877 740 3920 lta
758 3878 783 3920 in
801 3888 880 3921 unum*
890 3879 1005 3922 contracti
1026 3884 1099 3923 sunt:
1118 3877 1174 3937 Age
1188 3888 1268 3934 porro

263 3945 388 4007 fecisset:
407 3959 481 4006 quum
499 3959 602 3995 crearer
619 3948 764 3999 masculum
781 3950 883 4009 itemque
900 3948 924 3993 in
941 3948 992 4005 (1.,
1011 3948 1132 4010 nislquod
1150 3947 1202 4008 laic,
1216 3945 1267 3995 ¹uisi
