2834 4630
1108 335 1149 398 49

160 482 294 548 Cotidie
317 494 420 546 morte
443 482 599 581 mulcatur
621 480 678 568 qui
704 503 775 545 cum
796 481 916 545 timore
931 474 1148 544 conscientiae

665 607 739 650 suae
762 596 923 648 versatur.

157 688 379 756 Contubernia
394 688 462 752 illic
484 699 558 752 sunt
570 687 787 753 lacrimarum.
811 690 940 775 quando
962 684 1148 751 misericors

665 790 828 876 conspicit
846 791 1011 856 miserum.
1107 792 1147 852 15

156 890 223 962 Diu
242 899 497 981 praeparandum
516 907 564 960 est
585 899 624 959 de
649 896 751 962 bello.
774 907 809 958 ut
831 893 922 960 ocius
941 893 1054 958 vincas
1072 896 1148 958 dum

665 997 876 1084 congrederis
896 996 1071 1081 proelium.

157 1105 209 1168 De
229 1101 362 1167 inimico
382 1101 509 1185 penitus
530 1124 569 1166 ne
587 1102 746 1189 loquaris.

155 1207 281 1270 Durum
293 1218 341 1270 est
352 1209 511 1291 denegare
523 1206 698 1288 superiori.
715 1212 812 1292 quum
824 1207 940 1268 debeas
949 1203 1146 1287 supplicare.

156 1309 357 1374 Dissolvitur
371 1308 521 1392 protinus
535 1308 602 1373 lex.
623 1331 694 1372 cum
711 1308 809 1373 fuerit
832 1306 1018 1372 misericors
1033 1305 1146 1370 iudex.

156 1412 329 1477 Dominari
343 1434 386 1476 ex
402 1423 493 1495 parte
506 1411 722 1497 dignoscitur.
739 1412 791 1475 cui
803 1411 953 1494 superior
966 1410 1150 1494 supplicare
1238 1451 1243 1459 ·

663 1515 804 1580 videtur.
1006 1556 1008 1563 ι
1109 1515 1151 1576 20

155 1617 292 1684 Decima
308 1620 391 1684 hora
409 1618 531 1682 amicos
545 1619 667 1700 plures.
689 1639 784 1704 quam
803 1616 908 1700 prima
926 1616 1105 1700 repperies.

156 1722 296 1804 Eripere
313 1723 434 1786 irarum
451 1721 574 1786 officia.
591 1742 656 1785 non
670 1742 847 1806 suggerere
862 1720 926 1784 tela
940 1720 1026 1785 irato
1042 1723 1147 1784 decet.

155 1825 216 1887 Est
234 1823 343 1909 utique
365 1823 528 1910 profunda
549 1821 748 1907 ignorantia.
761 1824 893 1887 nescire
914 1827 1004 1909 quod
1018 1822 1147 1906 pecces.
1170 1906 1174 1923 Ι

155 1927 343 1991 Famulatur
360 1926 507 1991 dominus
526 1925 581 1988 ubi
598 1926 700 1990 timet.
718 1927 834 2013 quibus
850 1926 986 2009 imperat
998 1948 1148 2022 prorsus.
1230 1978 1243 1997 .
1333 1983 1336 1991 .

155 2031 312 2094 Fateatur
331 2028 457 2131 iaeinps
480 2042 644 2113 prompte.
682 2030 739 2115 qui
766 2029 919 2094 iudicium
941 2029 1026 2114 fugit
1050 2029 1151 2093 maui-

664 2134 759 2198 feste.
1051 2142 1058 2179 t
1109 2134 1149 2196 25
1238 2126 1242 2142 ’

155 2235 330 2322 Facileque
360 2236 484 2302 iaciunt
516 2240 602 2302 bona
629 2236 786 2302 invenies.
825 2260 896 2302 cum
927 2228 1151 2322 laudandoque

663 2341 811 2407 fecerunt
834 2341 938 2406 coles.
966 2328 968 2332 ’

156 2445 260 2507 Feras
283 2463 350 2508 non
374 2443 496 2527 culpes.
518 2449 607 2531 quod
629 2444 745 2509 mutari
763 2466 829 2510 non
847 2456 955 2528 potes.

155 2533 294 2611 Furore
308 2548 346 2621 fit
367 2546 529 2643 atrocior.
552 2548 638 2613 laesa
660 2548 785 2631 saepius
803 2546 975 2631 pacientia.

154 2648 290 2713 Fulmen
311 2660 359 2713 est
374 2651 493 2734 procul
515 2651 628 2717 dubio.
651 2663 795 2735 potestas
816 2674 888 2714 eum
908 2644 1089 2716 iracundia.

154 2752 271 2817 Fidem
292 2753 350 2839 qui
369 2754 561 2837 perdiderit.
585 2753 666 2819 nihil
687 2753 810 2839 poterit
827 2755 912 2817 ultra
928 2758 1080 2838 perdere.
1111 2756 1153 2818 30

153 2973 228 3017 latet:
257 2967 319 3015 Cum
338 2968 443 3014 inimico
468 2971 598 3030 ignoscis,
628 2973 724 3016 amicos
749 2973 891 3029 complures
908 2973 994 3029 paris.
1045 2969 1100 3028 (114)
1117 2982 1150 3016 =

155 3032 215 3086 138.
229 3040 261 3086 Ο.
284 3052 316 3085 =
340 3037 388 3086 1⁴9
420 3040 449 3083 B.
473 3049 513 3087 ow
538 3037 633 3085 Cotidie
651 3040 804 3097 damnatur,
825 3043 867 3101 qui
886 3056 986 3100 semper
1009 3043 1079 3086 timet
1099 3041 1151 3086 OB.

88 3121 96 3138 ·
127 3142 134 3151 .
155 3106 214 3170 (15)
233 3111 319 3156 Abest.
358 3106 416 3168 (16)
433 3120 466 3154 =
486 3107 545 3158 177.
567 3111 598 3159 0.
621 3122 654 3156 =
673 3110 730 3159 192.
752 3113 781 3156 B.
803 3122 842 3158 exo
859 3110 1154 3170 Dinappordrrdumert

154 3181 260 3237 delium,
281 3187 307 3225 ut
328 3180 416 3225 vinens
438 3179 620 3230 celeriusOB.
667 3180 723 3236 (17)
742 3178 856 3230 3163.
877 3182 909 3227 0.
934 3194 965 3228 =
986 3180 1044 3227 176.
1062 3183 1092 3226 Β.
1114 3191 1154 3228 oto

136 3278 140 3285 ·
150 3250 191 3296 De
203 3251 349 3296 inimicans
365 3251 479 3309 loquoris
491 3253 571 3307 mole,
588 3250 634 3297 sed
643 3254 751 3314 cogites.
761 3252 815 3298 ΟΒ.
853 3249 939 3310 (18-
949 3250 993 3307 21)
1009 3253 1103 3296 Abeunt
1122 3251 1152 3294 ab

154 3320 207 3367 OB.
244 3323 276 3366 V.
297 3319 339 3365 21.
356 3322 464 3366 fortasse
481 3321 542 3367 fuit:
562 3321 670 3366 Decimo
689 3321 754 3368 horo
771 3322 868 3367 amicos
877 3323 969 3380 plures
982 3323 1153 3381 quamprimo

152 3391 251 3436 incenia
268 3392 307 3435 vel
326 3391 431 3436 incenit.
503 3389 557 3448 (22)
579 3402 612 3437 =
635 3391 694 3439 187.
715 3393 746 3438 Ο.
778 3404 810 3438 =
837 3391 898 3438 211.
919 3395 947 3438 Β.
979 3391 1019 3441 ot>
1044 3389 1153 3450 Eripere

152 3463 242 3516 tetum,
262 3474 312 3505 non
329 3460 391 3506 dere
413 3462 480 3506 irato
498 3461 569 3506 decet
589 3462 641 3508 OB.
679 3461 733 3518 (23)
752 3463 837 3510 Abest.
874 3461 931 3519 (24)
951 3461 1038 3508 Abest.
1065 3463 1153 3507 Deteto

152 3533 233 3587 inepto
253 3545 275 3574 v.
295 3545 408 3589 prorsus
427 3532 507 3586 prodit
527 3545 652 3588 senarius,
687 3534 775 3578 Publio
793 3535 856 3580 haud
876 3535 995 3592 indignus.
1041 3530 1096 3589 (25)
1117 3541 1150 3575 =

151 3598 212 3646 220.
224 3600 256 3645 Ο.
275 3611 308 3644 =
330 3599 392 3646 242.
403 3601 431 3646 Β.
449 3612 487 3648 ow
501 3600 605 3647 Fatetur
618 3599 728 3663 facinus
746 3605 789 3659 ie,
809 3605 853 3664 qui
868 3603 992 3649 iudicium
997 3600 1150 3662 fugit..0B.

148 3668 207 3730 (26)
220 3671 310 3715 Abest.
344 3672 404 3729 Leg.
423 3670 526 3726 Facite,
560 3674 603 3732 qui
619 3670 726 3732 suriant
747 3700 758 3711 ·
780 3674 923 3729 laudando,
954 3674 998 3732 qui
1019 3671 1150 3731 secarunt.

148 3739 205 3800 (27)
226 3751 258 3784 .·.
275 3737 334 3786 225.
352 3742 383 3787 0.
408 3752 440 3784 =
460 3738 519 3786 nto.
542 3744 631 3790 esso
651 3744 803 3800 poterion.
842 3742 899 3802 (28)
922 3755 953 3788 =
977 3741 1037 3789 249.
1061 3742 1092 3787 0.
1115 3751 1149 3784 =

146 3809 207 3860 273,
223 3813 253 3856 Β.
269 3820 308 3858 mo
323 3809 406 3855 Furor
418 3810 452 3873 fit
474 3813 546 3856 icero
558 3814 662 3871 saepius
671 3815 797 3872 patientia
810 3815 861 3860 ΟΒ.
903 3813 959 3870 (29)
985 3825 1016 3857 =
1037 3809 1096 3856 810.
1114 3809 1149 3857 0.

148 3893 180 3926 =
198 3881 257 3929 958.
276 3882 305 3929 B.
323 3891 362 3928 ms>
378 3880 482 3925 Fulmen
497 3889 544 3937 eet,
569 3883 611 3928 cti
623 3898 679 3929 eum
685 3890 808 3942 potestate
821 3884 918 3929 dubitur
930 3882 1076 3928 iracundia.
1092 3881 1148 3927 ΟΒ.
1238 3873 1241 3879 ’
1306 3874 1309 3883 Χ

160 3948 254 4006 tot:
272 3949 331 3996 228.
349 3951 380 3996 O.
399 3961 431 3994 =
457 3949 517 4007 249,
539 3954 568 3999 B.
592 3963 631 4001 819
658 3953 745 4001 Fidem
769 3956 813 4016 qui
834 3955 937 4016 perdit,
959 3951 1068 4010 perdere
1084 3953 1152 3996 ultro
1219 3984 1222 4003 ‚

148 4008 199 4066 (nii
212 4029 304 4080 potest.
345 4023 398 4069 OB.
1143 4034 1148 4041 ¹

191 4112 279 4156 Phaedri
293 4115 346 4158 ras.
360 4129 428 4159 novae
442 4110 535 4158 xxtttt.
975 4117 996 4177 4
