2870 4626
257 274 295 335 m

254 414 326 475 Hac
349 424 396 474 est
419 415 565 495 adgressa
588 412 748 496 garrulam
769 402 912 473 fallacia}

255 515 407 581 Dormire
430 515 500 600 quia
524 536 572 577 me
595 536 657 578 uon
679 514 783 576 sinunt
804 525 912 575 cautim
934 512 997 587 tui,
1073 521 1078 529 ‘

254 622 375 682 Sonare
398 617 516 680 cithara
530 638 621 702 quos
642 629 735 699 putes
758 616 936 696 Apollinis,

254 723 376 786 Potare
398 732 445 782 cst
468 708 587 782 animus
610 729 740 792 nectar,
765 721 851 800 quod
874 719 978 781 Pallas
1001 714 1075 783 mihi

253 810 369 904 Nuper
391 822 537 896 donavit;
560 821 586 883 si
609 841 672 887 non
693 819 831 902 fastidis,
858 821 948 901 veni3

256 927 328 989 Una
351 925 506 990 bibamus.
551 924 629 997 Illa,
653 932 733 1007 quae
756 925 863 984 arebat
885 923 952 999 siti,

254 1028 354 1091 Simul
377 1026 533 1111 coguovit
554 1046 665 1088 vocem
688 1023 808 1088 laudari
829 1046 934 1102 suam,

256 1129 381 1211 Cupide
402 1128 575 1193 aduolauit.
620 1129 746 1191 Noctua
768 1148 895 1210 egressa
917 1149 934 1190 e
956 1148 1036 1193 cavo

161 1228 163 1233 ’
255 1233 481 1314 Trepidantem
505 1241 685 1293 consectata
708 1242 754 1293 est
777 1241 808 1292 et
829 1230 894 1293 leto
916 1229 1012 1298 dedit.

256 1334 309 1400 Sic
331 1333 404 1401 viva
426 1336 512 1422 quod
533 1345 665 1417 negarat
684 1330 795 1400 tribuit
817 1328 953 1417 mortua.

647 1539 742 1613 [rau.
762 1552 860 1612 xum]

380 1702 598 1767 annones
620 1702 669 1764 iu
690 1702 896 1766 DEORUM
919 1675 1122 1768 euentu.

299 1842 403 1918 Olim,
429 1863 507 1926 quas
529 1842 645 1903 vellent
666 1861 733 1904 esse
752 1840 783 1902 in
804 1841 901 1903 tutela
923 1863 997 1919 sua,

255 1945 333 2008 Divi
355 1946 501 2029 legerunt
522 1945 666 2005 arbores.
711 1943 856 2024 Quercus
878 1944 952 2007 Iovi

256 2050 301 2112 Et
323 2059 442 2127 myrtus
465 2045 587 2109 Veneri
608 2045 742 2127 placuit,
767 2047 905 2109 Phoebo
927 2047 1052 2123 laurea,

256 2151 355 2215 Pinus
379 2148 549 2229 Cybebae,
573 2149 710 2229 populus
733 2148 817 2211 celsa
838 2149 986 2212 Herculi.

210 2259 218 2265 “
257 2252 409 2319 Minerva
432 2252 605 2325 admirans,
630 2271 728 2334 qnare
749 2249 872 2313 steriles
894 2265 1070 2329 sumerent,
1231 2257 1251 2318 5

256 2353 485 2439 Interrogavit.
530 2353 665 2417 Causam
690 2350 768 2415 dixit
790 2353 957 2435 luppiter:
1270 2360 1273 2365 '

255 2446 423 2527 Honorem
446 2457 551 2519 lructu
573 2445 795 2517 ne'videamur
817 2459 967 2521 vendere.

255 2565 302 2631 At
322 2560 516 2623 mehercules
538 2558 678 2624 narrabit
699 2562 786 2642 quod
807 2559 875 2644 quis
898 2559 1053 2636 voluerit,

256 2740 295 2803 (9)
313 2767 346 2787 -.
373 2739 572 2785 contemnente
598 2739 629 2784 u.
676 2737 730 2796 (10)
748 2765 780 2774 -
791 2737 899 2800 saraae..
919 2743 948 2787 r.
994 2740 1049 2801 (11)
1068 2742 1152 2788 -υ,
1175 2759 1250 2805 quum
1335 2724 1338 2729 ’

257 2816 332 2870 (non:
361 2809 486 2869 quoniam)
504 2824 554 2854 non
573 2823 595 2856 a.
621 2808 650 2853 N.
677 2807 732 2866 (12)
749 2835 782 2852 -ι-
799 2808 874 2868 putas
893 2813 1019 2871 Bongarsii
1040 2826 1104 2868 susp.
1124 2838 1156 2848 -
1174 2813 1249 2871 Apol-

255 2883 333 2936 linem
352 2882 435 2927 Burin.
456 2877 500 2936 (—
517 2879 647 2937 Apollonia
668 2878 699 2922 Ρ.
712 2894 774 2935 apr.
789 2882 881 2936 manu.)
893 2896 984 2926 —om.
1002 2896 1025 2926 v.
1041 2881 1127 2927 1=2.‘N.
1147 2873 1262 2941 (15)-’

252 2959 342 3011 potqre
359 2951 384 2995 ei
403 2964 444 2996 on.
462 2949 491 2996 N.
515 2963 527 3003 e
548 2951 667 3003 scriptura
686 2954 810 3006 poterut.
853 2947 905 3007 (15)
929 2950 1026 3011 arebat]
1045 2951 1075 2996 N.
1097 2975 1125 2985 -
1145 2943 1251 2997 ardebat

256 3024 286 3074 Ρ.
310 3021 339 3064 R.
360 3034 385 3076 p.
404 3021 429 3063 S.
466 3019 512 3063 Sed
536 3019 635 3063 verbum
660 3020 799 3076 exquisitius
828 3022 927 3065 Perotto
957 3022 1121 3076 interpolatori
1151 3023 1248 3066 minime

255 3091 324 3144 vafro
348 3090 455 3148 equidem
481 3103 528 3132 non
554 3090 661 3147 adsigno.
698 3087 752 3144 (16)
781 3114 814 3123 -
841 3089 923 3134 Simul
944 3090 1071 3150 gaudebat
1096 3091 1125 3135 N.
1158 3105 1189 3135 ex
1212 3091 1248 3134 in-

255 3160 343 3217 terpol.
363 3173 446 3215 parum
465 3159 584 3202 intellecta
603 3160 687 3214 partic.
707 3159 785 3202 timul
807 3173 851 3214 pro
869 3160 945 3203 cimel
963 3173 1002 3203 oc.
1039 3157 1096 3217 (17)
1114 3173 1219 3220 egresso
1234 3173 1248 3202 e

256 3226 326 3288 ccco]
345 3230 375 3281 N.
399 3243 423 3284 p.
440 3231 465 3273 S.
486 3252 519 3271 —.
537 3242 644 3288 egresso
665 3241 724 3276 cavo
748 3230 777 3273 P.
802 3229 832 3272 R.
855 3229 910 3287 Rig.
952 3227 1006 3286 (18)
1025 3227 1199 3287 trepidantem]
1217 3230 1249 3273 P.

256 3301 287 3352 ll.
307 3299 335 3343 N.
358 3314 382 3354 p.
404 3299 468 3343 Zell.
492 3321 525 3331 —
553 3299 715 3356 crepitantem
740 3299 822 3343 Heius.
852 3299 877 3343 S.
898 3301 1006 3354 Verum,
1037 3299 1250 3356 quumantugiuut

257 3370 351 3420 cicadae
369 3370 402 3424 (id
420 3369 481 3426 quod
500 3366 646 3425 significatur
661 3381 684 3417 v,
704 3367 871 3423 consectata),
891 3369 987 3413 minime
1006 3368 1137 3425 crepitant.

308 3439 368 3481 Fas.
389 3438 469 3481 xvtt.
507 3435 544 3494 (3)
565 3448 596 3480 =
616 3441 714 3495 myrtos
730 3438 760 3482 Ρ,
779 3439 809 3482 R.
829 3439 873 3493 (-
890 3438 968 3483 Poebo
985 3438 1015 3482 P.
1037 3439 1067 3482 R.
1088 3462 1120 3471 -
1138 3435 1252 3481 Phoebus-

257 3508 289 3554 N.
315 3512 374 3551 teste
395 3507 515 3562 Dorvill.;
547 3506 682 3562 neutiquam
708 3519 766 3565 vero
790 3513 849 3552 teste
873 3507 950 3559 laun.)
996 3506 1078 3562 (ibid.)
1101 3508 1191 3550 taurus
1218 3506 1248 3551 N.

258 3575 295 3634 (ii
313 3575 391 3620 Pinus
409 3573 536 3633 Cybebae,
553 3572 672 3633 populus]
691 3576 773 3624 Burm.
793 3579 818 3621 S.
837 3576 881 3631 (—-
898 3576 976 3622 Pinus
991 3573 1070 3620 GibeIe
1088 3575 1154 3633 (sic),
1170 3589 1251 3634 popu·

256 3648 298 3691 lue
316 3659 339 3700 p.
357 3645 449 3699 terite.)
467 3669 499 3689 -,-
517 3643 594 3688 Pinus
614 3640 724 3702 Cybebae
738 3647 846 3704 populus
865 3659 985 3701 superser.
1010 3646 1125 3689 vocabulo
1142 3647 1253 3702 populus

258 3718 334 3775 gloss.
355 3719 438 3769 postea
457 3716 575 3770 deletu1n;
594 3706 717 3769 Neptuno.
737 3717 768 3759 R.
782 3717 858 3760 iiiuc:
878 3739 911 3749 -
929 3714 1007 3760 Pinare
1020 3711 1121 3768 Glaeba„
1139 3713 1255 3770 Neptem

255 3787 363 3843 populus
386 3784 432 3828 P.:
468 3784 506 3841 qui
530 3784 584 3828 tous
606 3788 643 3827 est
663 3784 771 3828 iectionis
794 3785 841 3829 tt:
865 3783 943 3829 Pinna
969 3782 1101 3840 Neptuno,
1133 3784 1250 3842 populus.

258 3857 324 3912 Ergo
355 3869 383 3899 ue
411 3854 456 3897 boc
490 3854 585 3911 quidem
609 3854 662 3896 loco
688 3851 883 3908 interpolatorem
911 3855 1022 3898 consulto
1048 3855 1096 3912 egit
1125 3854 1250 3897 Perottus.
1278 3908 1281 3917 .

259 3923 299 3983 (5)
317 3949 349 3971 -,-
367 3924 507 3979 emraircne
524 3923 553 3975 Ρ.
571 3923 601 3968 R.
623 3933 654 3966 =
675 3924 771 3972 ueruto
784 3924 830 3979 N.,
850 3925 889 3983 qui
902 3924 971 3980 prob.
986 3924 1101 3977 lauueltio
1118 3923 1153 3967 sic
1167 3922 1252 3966 distin.

1415 4006 1417 4037 i
