2864 4622
255 328 316 393 lid

296 466 451 551 Princeps
471 465 586 534 tibicen
608 463 716 532 notior
735 465 842 551 paullo
863 467 937 545 trun,

213 636 217 641 ,
257 570 396 654 Operam
419 571 567 653 Bathyllo
588 566 699 634 solitus
718 569 753 633 in
774 590 866 634 scena
889 573 975 634 dare.

252 674 286 738 Is
308 674 392 737 forte
413 673 494 736 ludis
516 675 592 752 (nou
613 671 689 736 satia
710 670 834 742 memini
855 674 982 757 quibrss)

252 775 340 841 Dum
359 796 472 861 pegma
494 764 633 858 rapitur,
656 775 795 839 concidit
816 766 890 839 casu
911 775 1003 859 gravi
1114 812 1124 829 κ

181 946 185 951 ,
253 881 323 943 Nec
344 878 494 962 opinans,
518 887 551 941 et
570 878 726 942 sinistram
747 877 845 962 fregit
866 878 1011 955 tibiam,'

251 981 341 1046 Duas
362 1004 458 1065 quum
479 982 607 1045 dextras
631 979 789 1043 maluisset
810 984 960 1061 perdere.

253 1085 341 1150 luter
363 1105 470 1148 manus
492 1084 633 1146 sublatus
655 1093 687 1146 et
709 1083 838 1146 multum
860 1103 988 1167 gemens
1180 1085 1245 1166 *10

252 1187 391 1253 Domum
413 1184 566 1250 refertur.
610 1184 747 1268 Aliquot
768 1205 889 1248 menses
909 1196 1095 1264 transeunt,

253 1293 307 1355 Ad
328 1289 487 1354 sanitatem
509 1290 581 1351 duum
604 1285 690 1350 veuit
712 1285 870 1350 curratio.-
900 1341 902 1346 ,

253 1393 298 1458 Ut
318 1402 531 1475 spectatorum
554 1412 622 1454 mos
644 1404 692 1454 est
713 1401 745 1454 et
764 1391 900 1473 lepidum
923 1411 1041 1476 genus,

252 1493 439 1560 Desiderari
461 1493 585 1576 eoepit,
609 1493 698 1557 cuius
719 1493 846 1556 flatibus

253 1597 384 1662 Solebat
405 1594 536 1659 excitari
558 1596 696 1659 saltantis
720 1595 829 1681 vigor.

294 1700 374 1763 Erat
394 1699 535 1763 facturus
556 1699 648 1762 leudos
670 1697 795 1783 quidam
819 1695 934 1763 nobilis

253 1803 298 1867 Et
318 1800 489 1884 incipiebat
509 1800 635 1886 ingredi
659 1801 826 1884 Princeps.
870 1801 953 1864 Eum

251 1905 390 1968 Adducit
412 1904 535 1985 pretio,
560 1902 725 1986 precibus,
749 1914 784 1965 ut
804 1905 1020 1967 tautummodo

251 2005 330 2089 Ipso
352 2007 497 2070 ludorum
521 2008 701 2070 ostenderet
721 2025 792 2068 sese
813 2005 876 2068 die.
1065 2078 1067 2084 Ι

255 2107 320 2190 Qui
341 2109 432 2172 simul
453 2107 596 2185 advenit,
619 2127 730 2172 rumor
751 2110 789 2173 de
810 2105 937 2171 tibicine
1202 2110 1243 2172 20

252 2211 374 2276 Fremit
395 2211 427 2274 in
447 2212 586 2277 theatro.
630 2209 765 2291 Quidam
788 2209 951 2272 adfirmant
972 2219 1149 2287 mortuum,

252 2313 388 2396 Quidam
408 2312 442 2376 in
461 2324 666 2396 conspectum
687 2312 886 2393 proditurum
908 2312 975 2376 sine
997 2318 1120 2378 mora.

250 2416 377 2482 Aulaeo
399 2415 512 2491 misso,
536 2414 692 2479 devolutis
713 2414 882 2480 tonitribus
946 2422 949 2427 ’

250 2517 295 2583 Di
315 2530 388 2582 sunt
407 2517 506 2583 locuti
527 2539 617 2582 more
638 2516 847 2583 translaticio.

252 2623 345 2685 Tunc
365 2622 484 2684 chorus
504 2618 648 2705 ignotum
670 2622 766 2685 modo
787 2622 920 2684 reducto
942 2618 1098 2685 canticum
1201 2622 1241 2685 25

250 2722 416 2799 Insonnit‚
439 2721 528 2785 cuius
549 2723 627 2785 baec
646 2722 707 2785 tuit
728 2722 897 2787 sententia:
1023 2788 1028 2795 ,

252 2825 433 2901 „Laetare‚
455 2820 623 2889 incolumis
645 2826 770 2901 Roma,
794 2825 884 2890 salvo
905 2824 1106 2911 Principei’'

250 3074 280 3120 P.
295 3073 326 3119 R.
345 3086 370 3130 p.
407 3070 444 3131 (2)
461 3071 592 3134 Adripus't]
607 3074 662 3135 Εἰς.
682 3075 708 3119 8.
728 3097 761 3109 -
778 3072 894 3133 Arripuit
911 3075 940 3119 P.
960 3071 1014 3132 (u.)
1030 3087 1056 3131 p.
1097 3072 1136 3134 (3)
1153 3074 1241 3136 stulta]

250 3158 275 3201 p.
292 3145 318 3189 S.
338 3166 372 3178 ·-
389 3149 414 3187 et
432 3144 509 3188 stulte
525 3144 555 3189 P.
574 3145 604 3191 lt.
652 3142 689 3199 (5)
706 3144 734 3188 in
753 3142 840 3203 sceno]
866 3158 890 3200 p.
913 3146 939 3189 8.
958 3167 992 3178 -
1015 3145 1042 3189 in
1065 3141 1143 3188 chenu
1160 3145 1189 3194 P.
1209 3147 1238 3190 lt.
1317 3150 1319 3155 '

251 3212 288 3269 (7)
307 3237 339 3249 -
355 3226 443 3272 pecmu
459 3213 489 3258 P.
505 3206 535 3262 lt.
554 3227 579 3269 p.
616 3211 654 3272 (8)
671 3212 723 3259 Nec
740 3214 847 3271 opinone
862 3210 895 3272 et]
914 3227 938 3269 p.
961 3215 986 3258 8.
1006 3238 1040 3249 -
1057 3227 1102 3258 nec
1120 3215 1178 3274 opiu
1195 3214 1241 3259 red

249 3284 280 3329 Ρ.
299 3283 329 3329 lt.
349 3287 409 3329 teste
425 3282 486 3329 Gnd.
506 3303 540 3314 -
556 3297 587 3329 ne
604 3285 677 3343 copia
701 3282 747 3328 aed
766 3283 796 3328 ll.
819 3286 879 3328 teste
897 3285 967 3329 Vinc.
986 3283 1028 3339 (-
1047 3285 1197 3343 necopinum
1216 3290 1240 3329 et

250 3352 333 3399 lierel.
364 3366 430 3409 susp.
458 3351 551 3410 Beati.)
594 3352 648 3406 (11)
674 3376 708 3387 -
733 3351 835 3412 aliquod
861 3365 959 3398 menses
987 3358 1101 3398 transeut
1125 3354 1180 3411 (sir)
1207 3354 1237 3415 P.

250 3418 303 3478 (ii.
324 3419 368 3480 18)
386 3423 425 3468 Sic
442 3423 523 3468 Ursiu.
544 3423 570 3468 8.
591 3444 620 3456 -
652 3420 685 3467 Er
702 3421 837 3481 incipiebat
851 3420 979 3481 Princeps
994 3422 1090 3475 'obduci
1112 3437 1181 3467 reum
1197 3422 1239 3468 ln-

249 3490 325 3552 gredi
341 3506 357 3535 u
374 3505 402 3537 ee
419 3491 516 3538 reducit
533 3489 633 3551 (reduci
648 3493 679 3536 u.
698 3496 759 3537 teste
785 3489 885 3547 Vinci)
904 3492 988 3550 pretio
1002 3492 1116 3552 pretibus
1136 3489 1193 3548 (sie)
1213 3497 1267 3537 ut·

250 3559 430 3606 Tantummodo
448 3562 504 3620 ipso
525 3561 641 3607 ludorum
662 3560 803 3607 ostenderet
818 3575 875 3606 sese
901 3561 951 3606 die>
966 3562 996 3607 Ρ.
1017 3563 1047 3608 R.
1069 3556 1162 3619 p.'(bie
1185 3575 1240 3607 eum

226 3660 233 3672 .›
249 3627 394 3688 asteriscis.)
412 3653 445 3666 -
462 3629 496 3675 lit
511 3632 645 3688 incipiebat
660 3629 781 3689 Princeps
800 3630 940 3692 ingredior.
987 3628 1052 3676 Eum
1072 3635 1117 3676 cet.
1137 3637 1162 3675 ut
1183 3644 1237 3676 nos.

250 3696 306 3758 sug.
325 3700 408 3749 Burm.
455 3698 511 3757 (21)
522 3698 630 3760 Fremit]
648 3715 673 3757 p.
694 3702 719 3745 S.
738 3723 772 3735 ·-
782 3696 878 3758 fremet
894 3700 924 3744 P.
961 3697 1016 3759 (23)
1036 3722 1065 3733 -
1084 3701 1157 3744 culeo
1174 3701 1238 3745 miso

248 3769 279 3814 P.
314 3767 402 3828 (lbid.)
418 3767 564 3829 tonitribus]
578 3770 609 3815 P.
628 3771 659 3819 lt.
678 3793 711 3805 -··
728 3769 868 3815 tonitrubus
885 3770 936 3815 sine
954 3782 1025 3814 cansa
1042 3784 1067 3826 p.
1085 3771 1112 3817 8.
1130 3769 1175 3829 (-
1188 3774 1238 3815 tro·

248 3838 357 3884 uite-idue
386 3838 416 3884 P.
442 3853 458 3883 u
486 3852 523 3895 pr.
555 3838 647 3898 muna.)
694 3837 751 3899 (tt)
779 3837 827 3900 De]
855 3840 937 3884 Bnrm.
965 3839 991 3885 8.
1021 3857 1055 3874 ··
1083 3837 1130 3883 Dii
1156 3839 1186 3883 P.
1212 3853 1236 3895 p.

248 3904 302 3966 (25.
322 3905 364 3965 26)
382 3910 421 3955 Sic
438 3910 560 3965 composui
578 3913 641 3956 coni.
666 3909 726 3954 Gud.
747 3908 818 3973 modo
837 3907 938 3956 reducto
953 3914 978 3954 et
998 3909 1154 3959 Freinshemii
1171 3909 1239 3952 ineo·

248 3977 312 4026 nuit.
332 4001 362 4015 -
382 3977 453 4028 Tune
470 3975 561 4026 ellum
582 3980 696 4043 ignotum
706 3991 775 4025 more
791 3978 864 4028 duro
879 3980 1004 4026 cauticum
1021 3978 1141 4039 Imposuit
1155 3979 1186 4026 P.
1205 3978 1236 4024 ll.
