2870 4626
1122 317 1162 381 25

165 477 226 531 ego
249 457 380 511 adsertor
398 475 432 510 cc
458 457 563 511 vindex
586 458 635 512 vel
653 475 713 519 nou
733 459 863 526 idoneus,
895 465 954 513 stne
981 457 1167 511 satisdatione

167 562 267 605 tamen
284 557 383 618 venio,
401 560 429 604 et
448 553 573 622 Augusti
590 552 718 606 libertum
736 553 784 604 vel
800 554 959 609 libertinum
973 558 1083 625 potins,
1100 557 1167 623 pri·¹

168 655 260 699 vatus
271 645 322 698 isac
339 652 425 697 etiam
434 656 517 716 parte
535 647 691 699 testahilcm
703 647 855 717 publicique
871 651 941 698 iuris
951 645 1055 719 facio:
1076 656 1106 696 tu
1125 644 1166 696 illi

171 740 256 791 adsis
279 757 312 791 ac
328 724 441 810 foveas
468 738 564 806 modo,
595 745 641 811 qui
660 749 688 792 et
703 746 822 811 poeticis
839 741 1030 811 voluptatc'bus
1048 758 1130 790 aures
1149 758 1167 790 a

159 831 284 904 sorensi
306 837 459 903 asperitate
485 838 625 904 respirare
651 852 706 885 uon
735 841 870 903 ignoras,
904 842 931 885 et
959 832 1010 884 icoc
1032 830 1168 905 figmenti

173 943 267 995 gemas
284 945 303 977 a
323 932 385 978 veri
407 908 616 997 professoribus
635 944 718 998 rssqrsc
740 926 809 979 adeo
832 945 888 978 non
906 945 965 978 esse
984 928 1114 990 alienum,
1137 934 1169 976 ut

171 1040 193 1071 a
215 1020 328 1072 Socrate
352 1025 412 1088 ipso
438 1020 543 1091 Aesopi
564 1020 670 1097 λόγους
694 1021 823 1072 versibus·
847 1020 972 1072 redditos
993 1018 1077 1073 Cebes
1095 1018 1170 1091 opud

171 1113 317 1166 Platonem
339 1119 370 1164 in
387 1112 606 1175 osllandavers't.
643 1114 742 1183 Have,
760 1119 798 1167 mi
802 1112 923 1185 freter,
942 1122 973 1166 et
990 1119 1064 1183 iuter
1083 1117 1168 1166 istam

169 1207 312 1278 publicam
329 1207 401 1258 oum
419 1207 497 1258 salvs
518 1223 553 1258 ac
573 1204 648 1260 vals.

230 1299 381 1354 Tricasses.
408 1299 447 1354 X.
473 1300 533 1353 itt.
558 1299 732 1371 Septembres
757 1300 814 1354 reb.
834 1300 974 1372 prolem,
993 1318 1060 1355 ann.
1096 1301 1167 1368 ω.

172 1393 351 1451 10.ch1.
626 1374 632 1384 “

231 1494 310 1563 (pag.
322 1484 448 1558 .67-69.)
468 1489 499 1542 V
495 1486 579 1541 ETV
576 1486 685 1541 STISS.
698 1486 850 1541 CODICIS
862 1486 1082 1544 SCRIPTVRA.
1091 1487 1166 1562 (non

174 1592 274 1637 tamen
294 1581 436 1659 integra)
472 1579 508 1637 In
527 1577 602 1636 fine:
623 1598 707 1633 versu
724 1582 821 1633 rsltimo
840 1579 964 1649 Faue,
981 1588 1022 1634 sic
1041 1591 1101 1638 net.
1119 1601 1166 1636 ex.

175 1675 240 1728 Cat.
260 1672 350 1748 (non,
370 1682 404 1730 ut
423 1673 514 1729 refert
533 1672 664 1749 Berger:
683 1683 797 1727 neam
813 1675 889 1742 Cat.)
907 1681 937 1727 in
950 1694 1002 1747 quo
1018 1674 1167 1747 posthanc
1213 1742 1216 1763 1

169 1776 344 1840 postremam
369 1768 470 1819 lincam
493 1767 609 1820 abscissi
636 1773 774 1839 sequentis
795 1774 923 1840 proxime
940 1768 1015 1843 folii
1042 1773 1167 1839 vestigia

173 1869 286 1918 extant.

240 1993 305 2055 lain
328 2013 422 2076 qtinm
445 2014 537 2057 nemo
559 1991 678 2069 adhuc,
713 2015 752 2056 ne
773 1994 899 2077 Bergei·
921 1991 1065 2076 quidem,
1097 2015 1166 2058 oin·

175 2117 247 2160 uem
270 2096 434 2160 lectionem
457 2097 520 2160 Ed.
543 2095 694 2179 principis
716 2107 890 2173 enotasset,
923 2098 1023 2172 uude,
1049 2107 1082 2159 ut
1110 2097 1165 2170 fit,

175 2199 349 2280 permultae
370 2197 581 2262 dubitationes
602 2201 647 2261 de
662 2220 723 2275 eo,
748 2201 834 2281 quod
856 2219 891 2261 re
913 2219 988 2261 vcra
1011 2199 1167 2264 Pithoeus

176 2301 229 2364 vel
257 2303 449 2364 emendasset
478 2303 529 2364 vel
558 2300 650 2364 ctiam
678 2302 899 2383 corrupisset,
944 2312 1037 2383 atquc
1067 2303 1167 2366 ornus

176 2402 304 2488 generis
324 2423 450 2466 errores
465 2405 650 2480 mucram,
675 2403 750 2468 nihil
766 2388 921 2488 anitiqnius
935 2403 1048 2478 habui,
1074 2425 1166 2495 quani

176 2516 213 2599 ut
232 2505 341 2570 sedulo
363 2527 421 2588 per
441 2516 542 2569 totum
570 2506 717 2575 editionis
739 2520 860 2589 tempus
882 2517 1063 2569 excuterem
1086 2506 1167 2569 Ber·
1219 2572 1222 2581 ,

175 2628 270 2671 nense
293 2607 453 2691 exemplar
482 2629 500 2671 a
529 2611 631 2697 capite
653 2612 692 2675 ad
713 2610 829 2672 calcem
851 2624 868 2669 a
890 2608 1073 2692 Bongarsio
1096 2628 1166 2671 cum

174 2711 247 2793 ipso
275 2708 360 2777 Cod.
391 2712 571 2779 Pithoeano
600 2712 767 2787 collatum,
801 2709 890 2774 cuins
920 2710 1063 2774 varietati
1092 2709 1167 2773 satis

150 2874 153 2881 ,
177 2825 323 2878 accurate
344 2825 488 2879 enotatae
510 2835 582 2877 snas
609 2836 738 2898 quoque
760 2813 892 2876 inseruit
918 2813 1039 2897 aliquot
1060 2812 1168 2876 conie·
1218 2884 1224 2901 ¹

178 2926 282 2978 oturas
297 2926 328 2979 et
342 2915 557 2998 suspiciones,
582 2937 665 2979 ntinc
679 2919 801 2979 demum
816 2915 974 2995 inventori
995 2915 1167 2980 restitutas.

177 3017 356 3102 Pleraeque
376 3017 522 3081 videlicet
542 3018 602 3081 iam
624 3030 718 3083 notae
739 3031 846 3094 erant,
879 3021 936 3082 sed
956 3018 1023 3082 eliis
1045 3018 1165 3080 tribue·

176 3121 303 3183 bantur.
346 3121 421 3193 Non
444 3120 537 3183 alium
558 3132 660 3189 autem
683 3143 775 3205 quam
792 3121 854 3186 Cd.
870 3121 1080 3201 Pithoeanum
1102 3131 1168 3195 tra·

176 3224 291 3284 etatum
309 3243 377 3285 csse
398 3244 416 3285 a
430 3223 612 3307 Bongarsio
627 3246 692 3288 non
706 3224 807 3288 solum
823 3223 894 3286 inde
910 3232 1055 3305 apparet,
1080 3223 1167 3304 quod

174 3336 303 3406 praeter
332 3326 407 3387 duas
435 3337 541 3387 tresve
570 3325 743 3391 levissimas
771 3325 940 3388 varietates
968 3325 1167 3397 inormibus

176 3425 332 3493 consentit
353 3426 418 3491 eins
447 3426 576 3492 collatio
600 3450 670 3489 cum
692 3422 887 3510 Bergeriana
919 3421 1047 3492 omnino
1074 3448 1168 3494 accu-

174 3529 315 3615 ratiore,
349 3532 404 3593 scd
434 3551 474 3593 ex
503 3551 542 3593 eo
572 3530 723 3606 maxime,
750 3531 835 3613 qiiod
857 3529 888 3592 in
910 3516 971 3593 'fine
993 3531 1071 3595 haec
1092 3533 1167 3593 sub·

177 3630 323 3713 scripsit:
351 3631 537 3715 „Sequitur
565 3632 601 3694 in
621 3655 653 3695 υ.
676 3655 706 3695 c.
729 3632 861 3696 libellus
882 3634 922 3695 de
944 3633 1049 3696 variis
1071 3653 1166 3697 mon·

69 3723 73 3733 ¹
176 3733 257 3796 stris
292 3754 333 3795 ac
362 3735 530 3817 portentis
563 3747 595 3798 et
616 3732 760 3825 sabiniis
783 3738 995 3802 Graecorum
1027 3747 1059 3797 et
1096 3732 1164 3806 al.’'

178 3835 300 3918 Magno
324 3836 500 3900 adiumento
523 3849 624 3900 etitem
646 3837 904 3919 pretiosissimum
927 3841 988 3900 hoc
1006 3836 1166 3916 exemplar
1212 3888 1214 3894 a

179 3937 251 4033 inihi
264 3937 324 4003 fuit
339 3941 377 4000 nd
399 3939 583 4022 opusculum
606 3961 707 4005 meum
730 3963 765 4003 ea
782 3948 849 4004 cuin
869 3940 1079 4013 accuratione,
1103 3955 1165 4017 qna
