2834 4630
268 346 310 410 3⁰

267 492 308 552 ad
325 484 473 572 Ligerim
495 462 582 570 (non
603 490 643 550 ad
664 487 837 563 Oscarum,
873 498 908 548 ut
934 486 1062 572 quidam
1083 474 1150 568 ait)
1181 486 1257 554 Cal-

172 657 176 670 ,
269 589 404 654 vinistae
440 589 630 666 intulerunt,
667 588 729 653 sibi
761 588 962 666 vindicavit3
1000 611 1080 654 mox
1107 590 1192 655 idem
1217 594 1257 654 ad

268 692 395 759 Petavii
422 692 581 756 senatoris
608 714 717 756 manus
745 691 890 768 devenit3
927 692 1124 758 Christiuam
1145 693 1258 758 deinde

269 800 406 860 Suecam
439 793 598 860 dominam
630 795 757 872 habuit3
800 807 968 878 postremo
996 795 1034 859 ¹iu
1060 795 1259 861 bibliotheca

267 898 425 964 Vaticana
437 921 507 962 cum
525 897 639 961 ceteris
655 897 800 982 Reginae
814 897 979 961 codicibus
992 898 1184 964 collocatum
1197 908 1256 963 est.

334 1003 475 1082 Quartus
502 1000 644 1066 Phaedri
666 1004 772 1065 codex
792 999 846 1064 ille
873 1011 920 1063 est
939 1002 1137 1078 Parmensis,
1174 1023 1258 1065 nune
1315 1046 1317 1049 v

268 1104 517 1187 Neapolitanus,
541 1116 606 1189 quo
629 1105 784 1170 Perottus
805 1103 930 1166 fabulas
949 1104 1091 1168 Phaedri
1112 1102 1258 1188 cognitas

269 1208 423 1272 XXXII.
436 1207 634 1293 totidemque
646 1228 748 1270 novas
765 1205 946 1291 descripsit.
982 1208 1093 1292 Atque
1107 1208 1258 1270 hactenus
1301 1274 1304 1278 A

270 1309 550 1377 Phaedriauorum
580 1309 697 1397 notitia
721 1309 870 1373 codicum
900 1308 1043 1373 edoctis
1065 1309 1256 1388 traditur-s).

268 1414 387 1496 (Mitto
397 1413 480 1476 euim
489 1411 721 1490 Divionensem
735 1414 892 1497 quendam
906 1424 938 1475 et
949 1400 1082 1501 alterum
1094 1410 1258 1476 Weissen-

229 1596 234 1603 ι
268 1521 482 1602 burgensem,
513 1513 664 1602 quoniam
686 1514 721 1576 hi
742 1536 808 1578 nou
831 1516 1032 1592 Phaedrum,
1065 1518 1122 1581 sed
1143 1517 1261 1578 barba-

268 1621 355 1685 ricas
374 1619 556 1683 fabularum
575 1617 643 1682 eius
661 1619 876 1699 paraphrases
887 1639 964 1701 prae
977 1640 1010 1682 se
1025 1619 1161 1699 ferunt.)
1183 1619 1260 1703 Ego

270 1728 394 1788 demum
416 1719 560 1809 quintum
582 1721 726 1785 Phaedri
751 1720 914 1798 codicem,
950 1718 1262 1787 Vaticanum-Urbi-

270 1839 373 1892 natem
396 1825 538 1905 scilicet,
561 1827 601 1887 ad
621 1823 712 1909 vulgi
735 1823 955 1908 coguitionem
970 1828 1113 1903 deduco,
1136 1827 1261 1910 dequo

269 1932 303 1996 iu
332 1929 499 2013 superiore
530 1926 653 1992 monito
686 1939 758 1991 aute
786 1927 912 1991 fabulas
940 1949 1041 1992 novas
1062 1929 1164 1992 verba
1182 1926 1261 1990 feci.

271 2037 353 2100 Mea
379 2046 483 2097 tamen
512 2032 613 2095 multo
636 2029 742 2094 maior
763 2029 819 2101 vel,
835 2029 955 2094 laetitia
975 2029 1088 2094 luisset
1113 2030 1164 2094 vel
1188 2029 1261 2093 feli-

271 2138 369 2217 citas,
406 2135 434 2200 si
462 2157 525 2221 pro
548 2133 718 2199 Perottina
746 2132 904 2219 epitome,
943 2132 1088 2199 codicem
1119 2131 1263 2199 Phaedri

270 2242 398 2326 plenum
420 2239 630 2315 invenissem,
663 2236 696 2300 in
719 2258 785 2323 quo
809 2235 998 2303 Perottiuae
1020 2237 1149 2301 fabulae
1171 2248 1263 2300 exta·

270 2356 362 2409 rents
388 2356 422 2407 ut
446 2347 483 2407 de
505 2343 646 2425 ipsarum
671 2338 854 2404 sinceritate
875 2343 1003 2404 tandem
1025 2340 1212 2425 aliquando,
1235 2339 1264 2403 si
1282 2412 1284 2419 ‚

227 2473 230 2480 ¹
271 2448 344 2512 fieri
366 2458 491 2531 potest,
516 2444 673 2509 certiores
695 2443 916 2507 efficeremurt
946 2446 1035 2530 quod
1054 2455 1088 2506 ut
1110 2443 1191 2507 mihi
1211 2443 1265 2507 vel

271 2551 341 2616 aliis
363 2550 503 2624 accidat,
527 2570 658 2631 sperare
680 2569 746 2612 uon
768 2545 881 2614 ausim·

313 2657 410 2718 Nunc
426 2665 528 2716 autem
539 2662 709 2734 superest,
735 2660 770 2712 ut
789 2653 829 2714 de
845 2648 1049 2715 Floriacensi
1061 2650 1264 2738 fragmento,

271 2761 360 2844 quod
373 2777 485 2838 reapse
500 2755 584 2818 inter
597 2753 777 2823 Vaticanus
794 2752 977 2818 Christinae
997 2757 1117 2819 Suecae
1134 2753 1266 2818 codices

272 2870 501 2933 conservatur,
517 2858 613 2940 paulo
629 2855 809 2921 accuratius
821 2855 941 2934 dicam3
962 2856 1062 2922 immo
1075 2879 1155 2922 vero
1171 2856 1277 2944 quic-'

272 2963 412 3051 quiden
445 2960 645 3036 continetur,
683 2962 771 3045 quod
803 2959 928 3050 oppido
951 2961 1100 3044 pusillum
1133 2948 1199 3036 est,
1231 2959 1267 3024 in

272 3069 340 3136 hoc
372 3087 445 3130 meo
481 3064 569 3129 libro
603 3063 775 3129 collocem.
820 3064 881 3128 Est
911 3063 939 3126 is
974 3063 1109 3128 miscelli
1139 3064 1266 3150 generis

171 3188 178 3194 ’
272 3172 399 3237 codex:
422 3191 494 3233 uam
516 3168 655 3251 primum
677 3165 822 3236 occurrit
838 3165 997 3235 Guidonis
1020 3167 1139 3233 musica
1154 3167 1264 3232 seculo
1374 3236 1377 3244 y

272 3276 339 3340 XI.
355 3275 408 3338 vel
423 3274 507 3337 XII.
529 3271 668 3353 scripta3
690 3269 735 3332 ita
750 3282 785 3332 ut
799 3271 865 3334 hoc
876 3270 1041 3353 exemplar
1055 3270 1150 3335 aetati
1164 3268 1265 3353 ipsius
1300 3286 1304 3293 ‘

265 3376 417 3470 'auctoris
440 3398 559 3460 suppar
576 3373 629 3439 sit.
675 3372 842 3437 Sed'illud
867 3373 1041 3457 praecipue
1064 3372 1265 3437 animadver-

271 3483 401 3545 tendum
422 3492 487 3556 est,
511 3481 599 3565 quod
616 3477 690 3541 heic
709 3476 817 3545 Guido
839 3470 1111 3547 baudrlrretinus
1128 3476 1264 3555 dicitur,

273 3586 330 3648 sed
360 3583 529 3666 augensis.
580 3581 636 3646 Sic
657 3580 741 3644 enim
769 3579 802 3644 in
830 3581 934 3664 prima
967 3580 1104 3667 pagina:
1145 3602 1267 3664 prooe-

273 3689 382 3750 mium
405 3688 567 3767 magistri
597 3684 759 3748 Guidonis
791 3680 953 3766 Angensis
986 3700 1088 3766 super
1120 3683 1267 3747 musica.

257 3785 398 3863 ,Deinde
420 3786 456 3849 iu
477 3789 586 3848 eadem
607 3783 747 3869 pagina:
771 3774 892 3865 incipit
912 3793 1084 3846 tractatus
1105 3780 1267 3845 Gnidonis

325 3938 351 3997 ¹⁸)
375 3941 476 4001 tegeris
506 3940 688 3986 dissertationes
713 3940 825 3984 Phaedro
850 3934 1001 3992 praepositas
1030 3936 1054 3978 in
1081 3932 1120 3981 CI.
1145 3931 1267 3976 Lcmaerii

273 4012 400 4058 Pau-islam
417 4011 533 4058 editione.
