2864 4622
251 340 313 404 148

147 538 152 561 .
249 481 314 558 rit,
338 479 503 544 maximam
534 476 769 543 similitudinem
793 476 991 543 intercedere
1013 499 1055 543 ex
1080 502 1141 545 una
1157 460 1259 570 ¹parte

250 584 334 648 inter
356 583 437 650 Cdd.
457 582 689 657 Bassseensem,
713 580 980 667 Freiberg'ensem
996 595 1027 646 et
1043 583 1255 675 Siciliensem,

253 688 308 771 qui
329 690 393 751 diro
425 686 580 768 postremi
606 685 651 749 ita
673 687 704 748 iu
728 686 874 750 omnibus
895 685 964 748 fere
986 688 1187 770 conspirant,
1222 700 1258 750 ut

252 791 280 856 si
301 790 410 854 Editio
433 789 582 872 princeps
604 810 758 871 expressa
773 801 855 851 esset
869 811 886 851 e
902 790 1149 874 Freibergensi,
1172 792 1257 853 hand

253 895 384 958 multum
407 893 551 956 differret
572 903 639 956 tota
661 893 728 956 eius
750 892 832 956 ratio
855 895 895 954 ab
917 914 972 968 ea,
997 915 1091 978 qnam
1114 914 1197 955 nunc
1217 896 1257 955 ad

254 998 451 1064 Siciliensem
474 1008 585 1059 exacta
608 1018 734 1078 praese
755 995 838 1069 fert;
862 1017 902 1057 ex
924 996 1022 1058 altera
1045 1008 1146 1059 autem
1162 996 1255 1077 parte

254 1100 433 1165 consimiles
463 1121 532 1162 esse
560 1099 590 1160 in
612 1099 773 1183 plerisque
800 1097 884 1162 cdd.
915 1100 962 1174 B,
987 1101 1035 1173 E,
1069 1100 1114 1161 G,
1137 1099 1258 1161 scilicet

252 1206 351 1291 longe
379 1203 589 1288 integriores,
622 1202 680 1265 nisi
704 1205 792 1286 qnod
817 1213 925 1264 carent
957 1193 1168 1286 Prognostic.
1204 1203 1253 1265 Π.

213 1378 217 1383 ,
253 1330 308 1375 vv.
339 1308 481 1369 1-50.
512 1327 529 1368 a
558 1305 733 1370 Basileensi
763 1318 793 1368 et
816 1307 982 1371 Puteanco
1009 1304 1165 1367 servatis:
1189 1317 1256 1366 tum

254 1422 374 1494 septem
384 1409 451 1472 aliis
460 1407 637 1484 versiculis,
652 1429 734 1489 quos
746 1429 762 1471 e
775 1408 948 1471 Basilcensi
962 1407 1081 1489 primus
1093 1406 1253 1489 protraxi.
1280 1454 1284 1469 .

317 1513 480 1576 internam
512 1522 614 1573 autem
647 1510 786 1574 indolem
824 1510 1022 1595 singulorum
1061 1512 1144 1573 hanc
1187 1530 1256 1571 esse

254 1615 419 1702 perspexi.
464 1616 583 1677 Totum
608 1613 753 1676 lectionis
779 1635 879 1696 genus
910 1614 964 1675 ubi
992 1626 1137 1695 spectes,
1172 1612 1259 1694 opti·

254 1742 338 1783 mam
360 1718 443 1782 inter
465 1738 575 1781 omnes
596 1718 751 1798 praebent
775 1719 805 1780 G
827 1730 859 1780 et
880 1719 928 1780 E:
959 1717 1054 1779 immo
1077 1727 1149 1779 sunt
1169 1715 1256 1791 loci,

255 1822 311 1886 ubi
336 1820 500 1893 recentior
529 1821 558 1883 E
590 1817 742 1882 devitavit
764 1841 891 1887 errores
914 1819 977 1884 Cd.
1003 1820 1065 1894 G.;
1099 1791 1168 1881 ciim
1192 1838 1258 1902 quo

254 1926 327 2008 ipso
355 1922 387 1987 iis
416 1922 561 2005 pluribus
591 1922 683 1985 etiarn
712 1945 805 2008 quam
828 1925 857 1987 E
879 1923 987 1986 facere
1009 1923 1090 1986 solet
1111 1923 1162 1996 B;
1199 1919 1260 1982 nisi

257 2030 346 2114 qnod
379 2025 496 2090 alicubi
522 2025 554 2087 in
582 2025 736 2097 Beruensi
764 2026 969 2108 reperiuntur
995 2023 1259 2107 interpolationes

257 2134 298 2195 ab
315 2130 443 2199 homine
466 2130 641 2193 semidocto
661 2130 849 2212 profectae3
874 2129 987 2215 quibus
1006 2128 1099 2191 liberi
1119 2138 1191 2189 sunt
1206 2127 1256 2201 G,

257 2235 301 2298 E.
322 2269 324 2274 ·
352 2232 448 2296 Initio
476 2244 579 2295 autem
609 2231 842 2298 Grammaticus
865 2231 979 2314 aliquis
1004 2232 1038 2292 in
1061 2231 1259 2314 perlegendo

258 2335 345 2403 cod.
369 2338 411 2399 B.
435 2347 506 2403 ante
529 2337 640 2399 oculos
661 2337 772 2398 habuit
794 2335 947 2399 Codicem
963 2333 1092 2397 alterius
1107 2331 1258 2409 familiae,

257 2440 346 2505 euius
369 2439 555 2505 varietatem
577 2460 676 2525 quum
698 2451 828 2504 enotare
844 2441 1022 2522 coepisset,
1048 2439 1088 2500 ab
1104 2458 1141 2499 ea
1158 2457 1260 2518 opera

258 2545 460 2628 exsequenda
488 2541 579 2604 nimis
602 2543 665 2605 cito
689 2543 858 2607 deterritus
880 2554 927 2606 est
949 2541 1058 2605 nescio
1081 2561 1146 2625 quo
1168 2539 1259 2617 sasti-

258 2646 326 2709 dio.
371 2643 434 2713 Cd.
459 2644 649 2709 Basileensis
669 2647 709 2707 ab
732 2646 881 2727 imperito
906 2646 1010 2708 scriba
1040 2656 1190 2729 exarams
1211 2643 1261 2705 in·

259 2745 463 2811 credibilibus
485 2759 581 2831 atque
607 2747 885 2810 innumerabilibus
910 2746 994 2810 vitiis
1022 2732 1143 2812 obsitus
1165 2757 1260 2832 atque

229 2864 233 2889 ⁸
259 2848 483 2915 omissionibus
503 2850 598 2913 foede
621 2852 829 2932 deturpatus,
861 2862 966 2913 tamen
995 2851 1081 2914 solus
1103 2849 1261 2912 interdum

259 2964 314 3018 aut
334 2955 432 3036 ipsam
455 2974 563 3017 veram
585 2953 754 3017 lectionem
777 2965 830 3017 ant
852 2954 1012 3017 manifesta
1037 2953 1103 3017 eius
1125 2952 1261 3034 vestigia

259 3056 422 3131 servavit,
445 3057 500 3120 ubi
519 3056 551 3119 in
574 3057 659 3122 Cdd.
684 3059 732 3133 B,
757 3058 806 3134 E,
831 3059 863 3122 G
885 3058 952 3120 sive
967 3058 1074 3140 potius
1089 3058 1261 3119 eorundem

258 3162 432 3242 archetypo
456 3162 507 3224 vel
529 3181 605 3223 casn
627 3161 795 3225 obliterata
818 3164 871 3224 vel
892 3162 1038 3226 consulto
1061 3161 1101 3222 ab
1118 3159 1260 3239 interpo-

257 3264 363 3329 latore
387 3263 562 3328 desormata
593 3276 653 3328 est.
704 3264 807 3327 Huius
828 3263 928 3348 igitur
950 3286 1012 3346 ope
1034 3263 1118 3326 haud
1139 3282 1259 3345 paucos

257 3370 376 3450 poe'tae
390 3366 481 3431 locos
498 3389 580 3429 nunc
595 3369 718 3431 demum
730 3366 763 3430 in
778 3367 934 3453 integrum
946 3367 1109 3431 restitutos
1124 3365 1259 3428 videbis.

322 3469 390 3533 Iam
412 3492 507 3555 quum
530 3471 679 3533 librarius
701 3471 869 3554 archetypi
889 3470 992 3546 illius,
1031 3491 1049 3534 e
1072 3489 1140 3551 quo
1158 3468 1261 3531 fluxe-

256 3582 333 3634 runt
354 3583 386 3635 et
407 3572 669 3657 Freibergensis,
703 3594 910 3659 quaecunque
939 3576 1060 3636 demum
1091 3570 1183 3634 huius
1214 3582 1263 3633 est

258 3673 355 3759 origo
368 3695 404 3736 ac
418 3676 520 3756 patria
533 3676 694 3758 primaria,
710 3689 741 3740 et
755 3677 940 3751 Siciliensis,
957 3675 1156 3739 exscriberet
1170 3676 1261 3738 codi-

258 3797 326 3843 cem
340 3777 472 3861 aliquem
485 3798 648 3853 mancnm,
673 3782 729 3842 sed
736 3780 926 3844 simillimum
942 3777 1152 3852 Basileensis,
1176 3778 1261 3841 vitiis

258 3879 414 3944 interdum
434 3881 553 3944 mederi
578 3893 729 3960 conatus,
753 3884 941 3968 plerumque
956 3894 1081 3965 turpem
1093 3901 1161 3944 sese
1177 3881 1264 3943 dedit

258 3983 423 4069 magisque
451 3984 544 4049 etiam
566 3984 729 4066 corrupit,
767 4008 860 4072 quam
890 3985 1069 4050 eruendavit
1094 3983 1262 4068 scriptoris
