2834 4630
283 323 324 387 st

343 464 391 544 (1)
414 510 429 540 „
438 465 615 548 Perperam
638 464 759 532 critici
776 465 864 531 aiunt
886 468 1030 534 codicem
1044 468 1189 537 Danielis
1210 475 1269 538 ha-

280 564 386 630 buisse
399 568 565 651 fogiem3
599 591 735 655 namque
763 570 812 636 ibi
839 575 879 637 ab
901 576 1009 637 eadem
1031 586 1157 638 vetusta
1177 599 1273 640 manu

280 669 460 754 corrigitur
480 654 669 754 effigiemJ'
692 674 785 737 Mn.
829 677 878 756 (7)
900 678 1092 758 venantum]
1108 712 1150 724 -
1173 701 1271 745 veno-

280 781 355 837 tum
367 773 413 836 D.
458 773 506 852 (8)
528 773 637 836 Habet
654 776 720 851 D.‚
743 788 778 840 ut
796 788 929 842 testatus
948 791 995 843 est
1015 780 1189 845 Heinsius:
1214 784 1273 846 de·

282 872 372 938 disse
395 894 511 937 vocem
531 877 634 939 bone.

345 960 547 1039 Finxill.
590 977 640 1058 (1)
664 975 746 1059 Qua]
768 1003 917 1064 -quoe
931 982 976 1045 D
1021 980 1107 1045 Ibid.
1123 966 1268 1066 gaudet]

279 1110 320 1123 ·-
341 1077 495 1162 gaudent
519 1077 563 1141 D.
629 1081 677 1160 (2)
712 1083 793 1145 Fere
814 1083 873 1145 dot
892 1103 1020 1165 poenos
1039 1088 1136 1163 turpi
1153 1086 1271 1164 poeni-

281 1180 401 1260 tentia]
423 1214 465 1224 -
487 1183 591 1246 Serae
614 1181 696 1243 dant
715 1180 844 1262 poenos
866 1186 961 1263 turpi
978 1186 1206 1264 poenitentiae
1221 1183 1268 1245 D.

281 1283 359 1357 „Ita
382 1280 469 1345 Cod.
515 1281 692 1363 Perpcram
715 1302 796 1366 ergo
816 1280 923 1343 critici
945 1294 1069 1345 veteres
1087 1282 1212 1345 aiebant
1234 1305 1270 1348 se

279 1382 397 1469 legisse
421 1384 506 1466 apud
522 1394 669 1445 nostrum
690 1384 776 1446 Seru
796 1382 878 1477 ‘iant
899 1405 1028 1464 poenos
1045 1387 1175 1464 tarpeis
1188 1407 1271 1467 poe-

280 1488 434 1553 nitentia.
478 1485 569 1549 Male
587 1485 662 1547 item
679 1485 830 1567 legebant
843 1483 923 1562 sere
945 1506 1007 1566 pro
1025 1490 1154 1551 serae.’'
1176 1486 1269 1548 Mur.

278 1587 404 1651 Verum
433 1610 513 1673 quae
543 1587 584 1650 sit
614 1586 745 1651 huiusce
776 1583 926 1647 versiculi
953 1586 1170 1663 constructio,
1204 1610 1272 1651 non

279 1688 375 1753 dixit.
421 1690 561 1755 Omnino
593 1689 807 1773 corrigendus
832 1699 901 1750 erat
931 1712 1001 1750 cum
1021 1689 1187 1766 Heinsio‚'
1211 1690 1270 1775 qui

182 1868 185 1871 Α
276 1792 311 1858 in
331 1794 502 1857 referenda
521 1792 659 1858 lectione
676 1794 722 1857 D.
746 1812 834 1855 suam
856 1790 952 1853 tacite
975 1790 1146 1855 immiscuit
1162 1815 1270 1856 emen·

279 1895 440 1962 dationem
451 1919 460 1961 ι

429 2010 485 2080 Qui
501 2029 531 2061 se
548 2011 663 2062 laudari
680 2007 789 2079 gaudet
810 2008 906 2061 verbis
925 2007 1065 2077 subdolis,

428 2104 515 2156 Serae
534 2103 586 2157 dat
600 2122 708 2177 poenas
726 2112 823 2175 turpes
841 2107 1040 2175 poenitentiae.

342 2224 501 2289 Praefero
520 2224 591 2288 scil.
613 2247 655 2288 ex
675 2222 820 2290 Phaedri
849 2245 940 2287 more
967 2247 1131 2289 numerum
1156 2225 1268 2310 singu·

278 2327 391 2391 larem.
437 2329 485 2408 (5)
508 2331 630 2412 Vulpes
641 2329 732 2390 hunc
748 2327 842 2408 vidit]
865 2359 900 2372 ··
928 2331 1051 2412 Vulpes
1069 2340 1107 2392 ut
1122 2330 1200 2393 vidit
1210 2331 1264 2393 D.

278 2431 353 2505 „Ita
378 2430 462 2497 Cod.
506 2433 553 2494 At
575 2450 672 2510 supra
694 2439 726 2490 et
745 2426 832 2492 infra
854 2433 996 2511 vulpis.’'
1031 2433 1121 2494 Mer.
1176 2431 1265 2517 ibid.

278 2535 388 2598 Habet
405 2554 441 2597 re
465 2554 543 2596 vera
564 2533 628 2607 D.,
664 2542 848 2595 attestatus
869 2545 916 2596 est
938 2530 1109 2598 Heinsius:
1150 2534 1268 2600 deinde

276 2639 350 2717 sic,
371 2658 438 2700 non
461 2638 579 2702 dehinc
601 2639 663 2699 sic.
728 2636 777 2713 (6)
800 2640 826 2701 0
849 2640 911 2721 qui
929 2672 946 2684 -
961 2671 975 2684 ·
999 2636 1202 2717 pennarum]
1226 2670 1268 2682 -

278 2757 299 2797 o
319 2741 397 2819 quis
412 2775 428 2784 -
441 2773 455 2784 -
470 2742 654 2818 pinnarum
665 2737 717 2799 D.
761 2738 810 2817 (7)
833 2734 979 2815 decoris]
995 2771 1035 2782 -
1055 2737 1209 2803 decorem
1219 2739 1265 2803 D.

155 2864 157 2871 >
222 2896 225 2911 ,
275 2837 325 2917 (9)
346 2837 385 2903 At
412 2839 472 2901 ille
493 2839 637 2917 stultus,
671 2838 751 2900 dum
783 2839 854 2900 vult
877 2858 994 2900 vocem
1016 2840 1199 2920 ostendere]
1222 2872 1264 2884 -

275 2918 316 3002 dt
336 2939 396 3000 ille
419 2938 625 3001 demetiam
648 2958 762 3000 rocem
787 2940 859 3001 uult
878 2962 910 3002 o.
933 2938 978 3001 D.
1033 2941 1102 3018 (10)
1130 2928 1262 3025 Emisit]

276 3038 345 3113 „D.
369 3041 527 3101 latiorem
549 3040 668 3102 emisit.
704 3040 769 3100 Sed
788 3040 947 3105 latiorem
962 3041 1059 3105 obelo
1074 3041 1191 3107 ibidem
1206 3067 1265 3108 ex·

274 3139 466 3224 pungitur.’'
491 3139 580 3200 Mel.
606 3138 659 3201 Sic
671 3140 827 3203 sublatum
840 3152 886 3204 est
901 3142 1046 3219 dubium,
1069 3150 1157 3230 quod
1170 3146 1263 3228 prius

265 3244 468 3308 inhaeserat.
523 3241 593 3320 (te)
615 3242 702 3304 Tum
721 3242 856 3306 demum
872 3278 885 3289 ·
904 3279 919 3291 -
935 3250 1111 3326 praevolet
1132 3252 1263 3331 sapien-

276 3345 342 3424 tia]
368 3343 507 3417 Prohis
528 3344 572 3406 D.
599 3344 797 3405 haechabet
822 3340 967 3434 ἄμετραε
1015 3349 1110 3411 Tunc
1128 3349 1262 3413 demum

275 3448 441 3529 ingemuit
463 3466 603 3509 corvus:
628 3465 691 3507 cur
705 3445 967 3525 dolos-isfuisset
984 3446 1142 3529 deceptus
1151 3448 1260 3527 frou-

262 3546 370 3608 'dibus
393 3556 431 3609 ut
454 3549 608 3628 ignavus.
652 3545 702 3606 De
726 3544 804 3606 mira
822 3544 977 3621 lectione,
1000 3569 1094 3633 quam
1111 3545 1261 3610 Heinsius

275 3645 305 3709 in
319 3646 364 3709 D.
386 3644 447 3708 sibi
464 3644 622 3726 reperisse
641 3644 723 3708 visus
738 3658 804 3710 est:
829 3648 981 3713 cerdonis
1000 3650 1118 3727 dolos,
1139 3649 1260 3735 nullum

274 3752 362 3815 adest
380 3746 562 3832 vestigium.
611 3768 615 3775 ‘
1185 3814 1187 3821 ,

335 3853 419 3916 Fue.
441 3852 559 3914 XVII.
605 3852 654 3931 (1)
676 3855 843 3935 malefica]
866 3888 907 3900 -
929 3856 1100 3933 maleficii
1120 3855 1165 3918 D.
1209 3857 1260 3937 (3)

274 3956 382 4019 Habet
403 3954 448 4017 D.
473 3975 508 4016 re
531 3974 605 4016 vera
628 3960 870 4023 commodasse.
917 3959 966 4039 (5)
987 3957 1119 4036 Deberi]
1142 3965 1261 4027 -de-
