2834 4630
266 192 337 302 'ros

276 379 348 441 Ver
370 376 432 441 erit
453 372 593 440 hibernis
614 384 716 441 totum
739 380 935 447 exsecrabile
958 381 1070 447 nimbis

275 482 320 545 Et
341 484 457 545 crebro
479 480 600 544 tonitru
622 479 747 565 ninget3
769 483 916 550 florentia
937 507 1014 550 rura
1215 491 1276 553 110

275 586 420 667 Spesque
441 604 545 649 novae
567 584 684 668 segetis
706 586 888 669 quatientur
910 588 1071 674 grandinis
1085 587 1170 654 ictu.

274 688 394 752 Uretur
415 687 558 764 caelum,
583 687 688 772 magui
709 711 806 774 quum
828 712 928 775 regua
951 691 1108 757 Tonantis

274 788 462 874 Ingrediens
486 788 622 854 Perudis
645 793 863 855 conscenderit
885 814 981 858 aurea
1002 807 1108 880 terga.

273 893 359 958 Hinc
379 904 411 956 et
431 892 597 977 Agenorei
619 893 778 957 stellantia
799 915 922 959 cornua
945 897 1064 977 Tauri,

274 997 401 1079 Quidve
421 997 528 1061 ierant
543 994 684 1074 Gemini,
709 994 823 1079 rapido
838 999 914 1082 qnid
927 998 1031 1064 sidere
1047 1000 1191 1080 Cancer,
1217 1004 1273 1066 145

274 1102 310 1164 Si
332 1100 456 1183 penitus
478 1121 633 1185 quaeres:
660 1100 801 1162 Taurum
825 1102 948 1165 saevire
970 1102 1092 1169 videbis

274 1203 458 1279 Grandine,
483 1224 542 1266 uec
563 1214 674 1266 contra
695 1202 777 1266 lerri
798 1203 922 1267 ratione
942 1208 1110 1289 probanda

273 1309 341 1374 Ant
364 1307 521 1373 Cancrum
545 1317 599 1368 aut
621 1304 794 1370 Geminos:
819 1307 937 1371 calidus
961 1304 1094 1395 vestigia
1115 1324 1223 1376 servat

272 1410 377 1484 Hinc,
402 1429 466 1492 quo
489 1397 601 1483 ducta,
625 1408 697 1470 Leo
719 1408 885 1495 saevisque
907 1411 1067 1477 caloribus
1089 1418 1191 1479 ardet.

274 1511 420 1576 Flatibus
443 1521 476 1573 at
497 1510 608 1595 gelidis
632 1509 743 1573 miscet
763 1512 933 1599 tranquilla
955 1516 1078 1581 severis
1216 1521 1275 1583 150

274 1614 434 1698 Spicilcrd
455 1614 526 1679 Dea
548 1624 624 1679 uota
646 1634 758 1689 mauu;
781 1636 840 1680 nec
861 1616 965 1680 Libra
987 1619 1116 1684 metenti

272 1718 432 1805 Dissentit
453 1716 565 1792 divae;
586 1718 661 1794 sed,
684 1727 721 1780 ut
739 1718 838 1796 haee,
863 1731 995 1784 ventura
1016 1742 1129 1788 serena

271 1820 426 1897 Nuntiat;
449 1832 481 1884 at
503 1819 604 1884 ventis
626 1830 729 1884 cessat
750 1841 855 1900 mare,
878 1835 981 1888 cessat
1001 1835 1034 1890 et
1054 1827 1125 1891 ae‘r.

271 2032 371 2074 moneor
389 2038 482 2086 quoque
494 2021 648 2069 discerel’ls.
666 2023 733 2082 urg.
753 2047 785 2058 -
805 2022 914 2083 Tempus
930 2029 954 2071 et
965 2039 1058 2073 occasu
1073 2035 1189 2085 moneat,
1209 2029 1276 2090 quue'

271 2099 370 2144 discere
390 2094 436 2141 Ple.
456 2095 583 2139 durissima
610 2095 805 2149 construetione,
835 2097 888 2140 scil.
912 2096 1038 2153 „Tempus
1057 2099 1150 2144 discere
1168 2105 1191 2144 et
1216 2114 1274 2158 quas

270 2172 367 2213 moneat
383 2179 468 2211 occasu
485 2163 604 2210 Phoebi.”
622 2165 650 2209 de
667 2178 692 2223 g.
711 2164 774 2208 coni.
794 2164 819 2209 b.
839 2188 873 2199 -
890 2163 945 2209 lum
966 2166 1027 2226 quid
1046 2167 1081 2213 ud
1097 2181 1204 2214 occasus
1222 2183 1271 2214 mo-

270 2243 331 2283 neu!
350 2249 443 2296 quoque
462 2234 554 2280 discito
571 2232 662 2279 lee'bi
679 2248 701 2282 s.
725 2234 788 2278 euni.
843 2235 920 2280 Aliter
937 2250 1021 2281 rursus
1044 2238 1067 2283 in
1082 2239 1164 2294 Add.,
1186 2245 1211 2284 et
1228 2243 1271 2284 ini·

270 2321 315 2353 uus
331 2312 410 2352 reete:
442 2305 559 2350 exoritur
581 2303 673 2349 inundo
691 2299 821 2364 Cyllenius
842 2305 922 2365 ignis.
966 2305 1032 2367 Quid
1047 2303 1149 2367 fuceret
1161 2310 1274 2366 primum

271 2376 343 2423 modo
362 2373 391 2434 (l
408 2376 550 2421 volebatue:
571 2372 672 2426 dcccii)
700 2387 757 2417 cum
771 2374 865 2418 lumine
881 2374 965 2421 Solis:
991 2375 1101 2436 Tempus
1123 2384 1147 2422 et
1167 2393 1272 2424 perusus

231 2471 253 2487 ·
270 2453 369 2493 moneat
394 2459 487 2507 quoque
513 2444 611 2490 discere
640 2441 740 2488 Plsoelii.
778 2440 850 2501 (139)
874 2465 903 2481 -
930 2443 1044 2491 Ver-serit
1061 2445 1174 2493 hibernis
1192 2450 1221 2494 A.
1242 2469 1271 2481 -
1339 2492 1342 2499 ,

272 2515 323 2562 Vix
341 2517 391 2561 erit
406 2515 432 2561 lt.
452 2517 482 2561 F.
517 2513 604 2567 (ibid.)
621 2510 790 2572 exsecrabile]
806 2516 851 2573 Ag.
873 2525 905 2559 =
925 2516 1072 2561 execrabile
1084 2517 1143 2562 Psb.
1163 2542 1196 2552 -
1214 2533 1273 2562 exc·

270 2587 404 2633 trubilel'.
453 2581 527 2643 (110)
550 2608 583 2618 -
601 2589 699 2628 tonetru
723 2584 753 2627 A.
800 2584 884 2640 (ibid.)
902 2582 1000 2645 pinget]
1020 2588 1049 2631 de
1065 2601 1091 2645 g.
1110 2593 1175 2633 coni.
1194 2589 1219 2632 b.
1239 2610 1271 2622 -

269 2659 358 2718 iunget
384 2656 486 2713 AFPgs.
533 2651 606 2709 (111)
624 2676 658 2685 -
676 2652 739 2709 Spes
758 2667 819 2712 quus
838 2679 849 2690 ·
867 2679 877 2690 ·
896 2656 1056 2714 quontisntur
1073 2657 1103 2700 A.
1148 2654 1223 2715 (142)
1240 2680 1273 2695 -··

270 2726 425 2785 Urenturque
451 2722 614 2783 euelumugns'
639 2720 697 2778 (sie)
714 2722 745 2766 A.
782 2719 854 2779 (113)
870 2724 974 2781 pecudis
993 2725 1168 2771 conscenderit
1184 2724 1273 2785 eursu]

269 2799 310 2843 Sic
325 2798 356 2840 A.
377 2794 477 2839 firmans
501 2805 522 2839 s.
549 2793 725 2848 coniecturam,
753 2806 813 2851 quae
839 2795 998 2840 audacissima
1017 2797 1095 2841 sideri
1118 2802 1221 2852 poterat.
1237 2818 1274 2831 -
1360 2818 1364 2827 ·

264 2865 374 2928 pecudis
391 2862 535 2924 ingreditur
550 2872 633 2906 rursu
647 2861 713 2919 reg.
733 2882 767 2898 -
780 2862 888 2920 pecudis
909 2863 976 2909 redit
992 2866 1093 2910 intrans
1110 2881 1190 2910 rursu
1202 2867 1231 2912 de
1246 2880 1271 2925 g.

269 2938 334 2983 coni.
354 2935 378 2982 Ι),
415 2931 487 2989 (lli)
506 2953 536 2965 -
556 2932 680 2992 agenorei
693 2933 724 2976 P.
741 2954 772 2965 -
791 2934 919 2977 nrtenorei
931 2934 977 2989 A.,
996 2937 1207 2981 sedcorreetuma
1221 2950 1272 2982 see.

268 3021 350 3052 ananu.
386 2998 465 3065 (145)
489 3003 618 3048 Fortasse:
649 3000 748 3047 rubido.
767 3026 800 3038 --
819 3002 912 3062 erdere
936 3003 966 3048 P.
1003 3002 1080 3066 (146)
1098 3004 1215 3065 quaeres]
1233 3008 1273 3051 ste

268 3076 355 3132 scripsi
374 3088 404 3120 ex
425 3074 470 3119 Cd.
487 3064 527 3120 A.
559 3074 705 3128 corruptela.
738 3093 768 3106 ·-
797 3086 905 3133 quaeres
922 3073 1017 3132 reges.
1036 3099 1070 3110 -
1083 3077 1212 3136 penitusq.
1229 3090 1271 3120 res

268 3147 324 3203 (sic)
343 3147 374 3190 A.
411 3141 484 3204 (111)
503 3140 649 3197 Grandine,
668 3155 714 3186 nec
729 3140 828 3205 contre]
846 3142 940 3202 FPgsls.
962 3168 995 3178 -
1014 3141 1146 3190 Grandine
1166 3147 1272 3191 ntiteon·

268 3222 310 3262 tra
331 3228 452 3272 superser.
474 3215 498 3268 i,
527 3218 553 3257 ut
572 3214 621 3260 sit:
641 3213 847 3275 -hnititcoptru
861 3213 888 3258 A.
925 3210 997 3269 (118)
1015 3210 1140 3259 Cunerum
1159 3221 1202 3260 unt
1222 3214 1270 3260 Ge·

267 3285 362 3346 minos]
381 3288 409 3330 de
425 3297 451 3344 g.
477 3284 541 3330 coni.
564 3282 602 3327 sb.
621 3296 766 3327 -cunero
787 3287 832 3326 aut
848 3282 959 3349 geminis
979 3284 1067 3344 AFPg.
1116 3282 1188 3341 (119)
1205 3283 1272 3329 Hine

267 3369 315 3418 qun
335 3352 421 3414 ductu]
440 3356 479 3399 Sic
501 3353 597 3407 scripsi.
619 3374 649 3385 -
668 3349 735 3397 Hine
755 3350 888 3412 prodictu
905 3355 934 3397 A.
954 3377 987 3388 ·-
1005 3351 1054 3398 Hic
1075 3367 1122 3414 quo
1142 3353 1210 3400 dieto
1225 3355 1271 3413 Pg.

267 3449 302 3461 -
320 3425 369 3471 Hic
390 3437 482 3484 qnoque
500 3422 568 3468 dictu
588 3423 618 3468 F.
638 3446 671 3457 -
689 3419 759 3466 Haec
776 3436 839 3482 quus
858 3421 927 3467 dictu
944 3424 974 3468 de
991 3436 1015 3483 g.
1036 3424 1101 3472 coni.
1125 3425 1163 3468 sls.
1201 3420 1272 3480 (150)

267 3497 309 3541 Sic
333 3495 429 3550 scripsi.
448 3518 482 3528 —
499 3491 587 3537 Fletus
607 3490 664 3551 (sie)
686 3490 814 3552 adgelidis
834 3492 924 3537 miscet
946 3494 1085 3553 tranquilla
1105 3494 1214 3539 serenis.
1240 3494 1271 3539 A.

267 3567 315 3610 Sed
333 3565 465 3623 requiritur
485 3563 642 3616 vocabulum,
671 3563 734 3620 quod
751 3566 885 3618 opponatur
906 3576 930 3607 e.
949 3564 1097 3622 tranquillo.
1145 3564 1198 3608 Hoc
1215 3569 1272 3620 puts

267 3637 342 3679 fuisse
375 3634 489 3687 severis,·
524 3633 661 3677 Lucretiani
691 3632 756 3676 itlius
786 3645 894 3680 memor:
933 3632 1079 3693 'pelugeque
1108 3646 1206 3678 secero.
1238 3650 1273 3668 -

266 3705 354 3749 Fletus
374 3709 401 3747 ot
417 3703 528 3765 geminis
551 3703 639 3746 miscet
664 3702 802 3760 tranquilla
831 3700 929 3745 serenis
953 3702 1020 3762 reg.
1051 3727 1085 3737 -
1112 3701 1228 3747 Rutilus
1246 3708 1274 3748 ut

268 3774 371 3820 Gemini
391 3775 497 3818 miscent
520 3772 658 3830 tranquillo
678 3772 764 3816 sereni
781 3772 809 3816 de
824 3784 849 3829 ς.
873 3772 936 3816 coni.
956 3771 980 3819 b.
1027 3772 1133 3830 llemque
1152 3786 1193 3824 s..
1213 3775 1270 3818 sed:

268 3847 376 3889 serenis.
396 3857 421 3903 g.
444 3848 523 3887 autem
540 3847 615 3886 totum
629 3855 693 3886 vers.
712 3854 757 3896 pro
776 3841 902 3887 subditicio
923 3841 1019 3898 habuit,
1039 3843 1094 3899 quia
1112 3844 1141 3887 de
1163 3842 1272 3893 Geminis

267 3918 347 3972 inepte
366 3916 443 3962 denuo
461 3913 535 3958 verba
561 3912 648 3958 iecisse
667 3912 865 3968 interpolatorem
883 3910 989 3967 putebat.
1035 3911 1102 3959 llune
1121 3916 1219 3969 apparet
1243 3924 1273 3955 ex
