2870 4626
267 297 307 358 61

268 432 332 513 Qui
353 440 462 516 panem
485 433 627 498 dederit:
651 454 710 498 vos
731 408 843 498 timere
865 433 1023 496 absistite:

267 536 335 599 lttis
356 547 506 616 revertor
526 530 644 616 hostis,
669 536 723 622 qui
745 556 793 600 me
815 536 986 600 laeserunt.

667 754 765 816 [run.
794 753 857 843 ¹¹¹2]

488 902 695 969 AESOPUS
717 904 777 966 ET
801 898 1039 967 Ros'rtoosr

309 1042 378 1110 Usu
398 1042 519 1127 peritus
541 1041 665 1106 hariolo
688 1041 832 1107 velocior

264 1140 380 1231 Vulgo
403 1167 471 1210 esse
493 1146 616 1220 sertim,
640 1165 734 1207 causa
756 1147 811 1207 sed
833 1164 895 1207 non
918 1142 1048 1217 dicitur-3

265 1251 419 1314 Notescet
440 1269 522 1333 quae
544 1269 625 1310 nrruc
646 1245 781 1329 primum
802 1247 918 1310 fabella
940 1266 1019 1308 inea.

308 1351 446 1414 Habenti
467 1350 586 1413 cuidam
609 1364 726 1432 pecora
746 1361 939 1432 pepererunt
961 1368 1039 1411 oves

266 1455 381 1539 Agnos
403 1455 541 1515 humano
563 1453 678 1535 capite.
721 1450 877 1516 Monstro
899 1451 1087 1526 exterritus,
1240 1454 1262 1515 5

265 1557 320 1620 Ad
343 1556 552 1620 consulendos
574 1555 672 1617 currit
696 1575 836 1618 maerens
858 1553 1012 1618 hariolos.

267 1657 332 1722 Hic
354 1658 514 1740 pertinere
536 1661 576 1720 ad
597 1657 715 1721 domini
735 1649 906 1739 respondet
927 1668 1021 1740 caput

266 1762 312 1824 Et
333 1764 537 1823 avertendum
560 1760 685 1822 victima
707 1760 896 1841 periculum.

265 1864 326 1926 Ille
348 1874 451 1925 autem
473 1863 616 1925 adfirmat
637 1863 802 1945 coniugem
825 1881 893 1924 esse
915 1862 1085 1937 adulteram

266 1967 311 2029 Et
331 1965 476 2029 insitivos
498 1963 671 2050 significari
691 1964 828 2040 liberos,

268 2070 332 2131 Sed
354 2067 477 2150 expiari
499 2088 595 2149 posse
617 2066 734 2130 maiore
757 2067 872 2130 hostia.

267 2170 352 2250 Quid
372 2170 492 2234 muita?
515 2169 623 2232 Variis
645 2170 794 2232 dissident
814 2169 976 2233 sententiis

233 2340 238 2345 ,
265 2274 476 2358 Hominisque
498 2294 604 2336 curam
628 2292 700 2334 cura
723 2270 843 2335 maiore
865 2275 1050 2356 adgravant.

264 2381 414 2459 Aesopus
436 2376 480 2439 ibi
501 2388 604 2449 stans,
628 2375 712 2437 neris
732 2386 895 2437 emunctae
917 2396 1033 2453 senex,

265 2478 387 2543 Natura
410 2499 565 2562 nunquam
588 2478 685 2539 verba
707 2475 759 2539 cui
780 2477 883 2559 potuit
904 2480 999 2541 darc:

265 2581 300 2644 Si
322 2601 495 2662 procurare
518 2581 565 2642 vis
587 2589 762 2654 ostentum,
786 2579 922 2656 rustice,

266 2685 417 2760 Uxores,
441 2681 558 2765 iuquit,
583 2684 620 2755 da
644 2680 704 2745 tuis
727 2683 922 2763 pastoribus.

265 2903 334 2948 ttertr
351 2901 381 2947 N.
419 2899 471 2956 (18)
499 2900 556 2963 Qui]
583 2899 614 2947 N.
639 2922 673 2937 ι·
696 2901 810 2963 Quis·P.
836 2903 865 2947 N.
885 2902 955 2959 (1.8.
998 2901 1050 2960 (19)
1067 2900 1207 2966 laeserunt}
1225 2907 1256 2954 N.

264 2975 383 3032 Bougmn.
404 2978 427 3017 et
445 2973 495 3016 atii.
515 2974 541 3016 S.
562 2992 595 3007 —
612 2974 738 3016 laeserunt
756 2971 785 3018 P.
805 2987 829 3029 p.
851 2988 881 3006 ω
900 2975 1010 3018 laeserat
1027 2988 1051 3035 g.

316 3044 376 3087 Fra.
396 3042 441 3086 111.
461 3040 502 3100 (1)
514 3042 647 3095 „Pithoeus
660 3047 683 3086 et
695 3043 831 3101 Rigaltius,
851 3045 924 3099 inquit
935 3045 1032 3089 doctiss.
1044 3037 1121 3089 editor
1131 3048 1259 3091 vinarien-

266 3115 315 3169 sis,
334 3114 489 3158 ernendarnut
509 3113 630 3157 veracior.
668 3114 714 3156 Sed
734 3113 839 3156 velocior
860 3119 897 3156 est
919 3114 943 3158 iu
962 3113 1010 3157 Ms.
1031 3114 1096 3159 Pittr.
1114 3121 1138 3161 et
1157 3118 1190 3161 its
1208 3118 1257 3160 edi-

265 3186 300 3228 tio
325 3184 444 3238 princeps.
482 3182 527 3227 Ubi
550 3196 607 3227 vero
633 3183 820 3227 emendationem
846 3184 903 3226 dare
929 3184 1033 3239 potuerit
1059 3185 1188 3242 Pithoeus,
1217 3187 1258 3243 qui

266 3258 319 3308 post
334 3253 467 3297 Phaedrum
486 3254 588 3306 edituus,
619 3252 710 3295 duobus
734 3252 773 3295 vix
796 3252 882 3306 elapsis
906 3252 1048 3306 mensibus,
1070 3255 1118 3299 rita
1140 3256 1257 3310 decessit,

266 3336 314 3366 non
332 3324 453 3385 ridemus.
484 3320 528 3366 Est
543 3323 637 3379 quidem
655 3321 762 3377 profecto
781 3321 894 3364 veracior
911 3321 934 3365 tn
953 3322 1014 3381 Pseg.
1037 3326 1167 3379 exemplari
1187 3334 1258 3369 anano

267 3392 373 3436 notato.''
391 3393 468 3435 Burs.
505 3392 563 3435 Scit.
582 3399 620 3437 oo
636 3390 749 3435 sercer'or
773 3391 900 3445 adscripsit
915 3405 959 3435 suo
980 3395 1109 3448 exemplari
1130 3392 1175 3441 Ed.
1192 3395 1260 3450 prins

267 3461 327 3517 cipis
346 3461 500 3519 Bougarsins.
520 3461 625 3505 velocior
644 3466 710 3504 notat
723 3461 793 3504 etiam
812 3460 873 3506 Gur.
895 3473 908 3506 e
929 3462 977 3505 Ma.
997 3461 1086 3517 (Rem.)
1122 3461 1160 3522 (2)
1178 3461 1263 3524 Vulgo

267 3525 433 3587 essesertnr,
463 3542 542 3574 cauea
559 3529 605 3574 aed
624 3527 682 3588 nora]
701 3544 724 3585 p.
745 3532 807 3576 roni.
827 3532 853 3575 S.
875 3547 904 3562 *—
923 3533 997 3591 vulgo
1016 3541 1095 3575 curten
1108 3530 1197 3591 flertur
1214 3531 1261 3579 red

268 3613 316 3644 non
334 3599 363 3643 P.
384 3599 413 3643 tt.
451 3595 487 3654 (1)
505 3606 669 3655 *peperunt
684 3613 708 3658 g.
733 3598 769 3654 (5)
788 3600 935 3654 exterritus]
954 3600 1057 3645 N.teste
1072 3602 1200 3648 ianuetiio:
1218 3601 1262 3647 str-

198 3710 204 3721 ,
268 3682 336 3713 nuans
358 3668 453 3712 Pithoei
475 3670 538 3712 roni.
565 3670 644 3726 sicque
671 3684 695 3725 p.
713 3671 739 3716 S.
765 3693 799 3703 —
823 3671 976 3727 perterritus
998 3670 1028 3713 P.
1050 3670 1080 3714 11.
1101 3682 1140 3719 oo
1156 3673 1261 3716 territus

268 3739 331 3783 Gnd.
368 3735 404 3793 (6)
419 3736 596 3795 ’σοηωὶοηᾰοε]
621 3753 644 3794 p.
667 3739 743 3783 11.-
760 3737 921 3783 conrodendos
938 3738 1012 3797 1³.·g.
1033 3758 1066 3773 ⁴-
1083 3740 1260 3786 comultnudoe

270 3809 300 3854 N.
320 3810 379 3864 (tum
402 3807 432 3853 P.
450 3819 492 3865 g.:
512 3821 611 3851 merens
626 3805 760 3862 hariolus.)
796 3806 834 3869 (7)
857 3805 998 3873 respondet]
1015 3809 1103 3868 rugus.
1123 3813 1148 3856 S.
1169 3833 1199 3844 -
1219 3824 1262 3855 re·

268 3877 368 3937 spondet
382 3876 411 3922 P.
431 3890 455 3936 g.
476 3891 498 3932 p.
536 3875 572 3932 (8)
590 3897 623 3911 -·-
641 3876 804 3922 Asertendum
822 3891 877 3923 sere
892 3878 948 3922 siet.
970 3877 999 3923 N.
1036 3878 1090 3935 (10)
1108 3898 1141 3916 ..-
1158 3879 1191 3925 Et
1205 3881 1261 3924 ille·-

266 3950 369 4009 gitimor
388 3945 519 4011 signifieat
539 3948 558 3991 l.
584 3946 615 3991 N.
668 3945 721 4003 (11)
747 3966 781 3981 -
807 3949 912 4005 expiare
931 3947 960 3992 N.
997 3948 1079 4005 (thid.)
1102 3947 1208 4009 maiore]
1227 3949 1261 3997 N.
