2834 4630
1100 347 1161 409 919
1178 390 1183 397 -

152 504 342 566 si]-Acai.
385 498 874 562 (1118168)ροῃάενε]-Ροιιᾰσνο.
911 489 1080 556 (1152169)
1098 495 1162 540 Con-

152 575 259 634 venient]
279 601 311 610 -
330 572 491 620 Conveniunt.
540 571 704 631 (1223176)
723 573 787 617 Haec
805 573 834 615 de
852 570 987 622 mensuris,
1022 570 1122 625 quarum
1140 567 1161 609 si

152 648 222 706 signa
239 641 355 705 requiris]
373 665 409 680 -
425 643 494 690 Haec
510 644 540 691 de
559 644 687 689 mensuris
705 642 752 687 titt
769 642 821 686 sint
838 653 900 699 pune
918 639 997 699 signo
1014 635 1136 696 requiris.

215 805 299 869 Post
320 805 404 866 hunc
431 825 465 865 v.
491 804 564 866 176.
595 798 771 884 Angelonii
797 808 975 883 sequuntur
997 817 1052 859 vv.
1079 793 1157 867 20„

151 907 206 989 qui
228 909 342 970 absunt
363 909 403 969 ab
426 906 564 970 editione
586 903 784 969 Endlicheri.

192 1009 295 1072 Libra
319 1010 371 1072 vel
393 1030 427 1073 as
449 1030 490 1071 ex
512 1007 647 1072 unciolis
670 1016 796 1069 constat
818 1002 984 1068 duodenis.

154 1112 257 1176 Uncie
279 1115 318 1176 de
339 1113 421 1174 libra
445 1111 558 1197 linquit
579 1111 721 1175 subiecta
744 1111 914 1170 deuncem:

150 1215 195 1278 Et
217 1222 343 1278 sextans
366 1217 459 1296 (haec
482 1214 603 1278 scilicet
625 1225 673 1277 cst
695 1212 865 1298 geminata)
888 1212 1080 1274 decuncem:

153 1317 241 1380 Hinc
273 1321 431 1402 quadrans
460 1320 553 1400 (haec
582 1317 705 1382 scilicet
734 1316 801 1399 ipsa
836 1326 886 1377 ter
915 1315 998 1391 acta)
1021 1314 1160 1375 dodran-

790 1431 872 1481 tem:
1097 1416 1158 1476 180

151 1524 232 1586 Inde
253 1523 353 1587 triens
375 1524 495 1607 (ipsius
511 1524 779 1608 quadruplicatio)
801 1522 938 1584 bissem:

152 1624 324 1705 Quincunx
346 1639 547 1710 septuncem3
572 1630 660 1711 quod
681 1638 729 1689 sat
751 1648 807 1689 sua
829 1627 974 1708 pondera
996 1626 1158 1706 produnt:

152 1728 254 1792 Semis
278 1730 459 1805 semissem,
484 1729 616 1792 medium
641 1733 713 1791 dum
737 1728 848 1791 dividit
870 1749 988 1798 assem;

151 1832 223 1894 Nec
245 1846 337 1896 vacat
357 1833 502 1897 unciolae
526 1832 659 1894 mediam
682 1831 845 1894 sescuncia
867 1830 1014 1914 iungens.

152 1934 254 1998 Uncia
278 1935 393 2020 viginti
415 1935 572 2017 scripulos
596 1948 626 1998 et
649 1946 802 2018 quattuor
825 1933 943 1995 ambit:
1100 1934 1159 1995 185

152 2037 358 2110 †Dimidium
381 2049 464 2103 stant
485 2060 522 2100 ac
544 2038 701 2102 semuncia
725 2037 838 2099 dicitur
860 2035 939 2099 eius.

154 2139 260 2201 Terna
284 2143 363 2203 duae
385 2141 504 2205 sesclae
525 2163 601 2223 pars
624 2152 671 2203 est
693 2142 865 2223 eademque
888 2139 1005 2201 uuella.

154 2241 279 2320 Quarta
300 2243 396 2305 siclus
420 2244 473 2307 vel
496 2242 632 2307 sicilicus
655 2244 708 2306 vel
731 2242 865 2326 denique
888 2241 978 2303 sicel.

155 2344 286 2407 Sextula
308 2357 399 2408 sexta
420 2349 517 2410 modo
539 2347 622 2411 solet
645 2358 676 2409 et
698 2349 795 2410 modo
818 2345 920 2408 sescla
941 2345 1064 2408 vocari.

153 2446 310 2512 Octavam
333 2449 495 2531 appellant
517 2451 697 2511 drachmam
722 2442 898 2511 vel'rarius
921 2447 1050 2511 holcen.
1096 2452 1157 2514 190

155 2550 200 2611 Et
222 2552 445 2613 duodenariam
468 2553 601 2615 mediam
624 2553 792 2627 †sesolam
818 2551 1025 2615 vocitarunt:

149 2650 310 2734 Vigenam
334 2665 479 2739 quartam
502 2656 660 2739 scripulus
683 2677 740 2718 seu
763 2676 903 2739 gramma
926 2664 1097 2720 retentant.

150 2754 243 2817 Unus
264 2755 337 2817 item
360 2758 516 2841 scripulus
538 2760 634 2823 calcis
657 2758 862 2841 componitur
885 2770 980 2833 octo;

149 2854 323 2920 Dimidium
346 2859 477 2941 scripuli
499 2874 547 2924 est
570 2863 706 2937 obolus;
729 2883 805 2944 pars
828 2873 939 2945 quarta
963 2873 1098 2927 cerates.

156 2959 221 3020 Hic
243 2971 366 3024 sextam
388 2961 465 3046 fingi
487 2964 605 3046 placuit
626 2954 836 3048 siliquamque
859 2964 990 3029 vocari:
1100 2969 1160 3032 196

151 3061 290 3126 Ultimus
312 3075 360 3137 est
383 3064 507 3149 calcus,
531 3067 643 3129 ciceris
666 3069 730 3130 duo
754 3067 885 3150 granula
907 3087 1057 3148 pensens.

215 3165 253 3228 In
282 3167 347 3230 hoe
378 3188 411 3229 v.
436 3168 510 3232 196.
548 3168 661 3233 desinit
689 3168 866 3253 Angelonii
895 3169 1029 3246 Editio,
1061 3171 1103 3234 ita
1128 3156 1161 3238 ut

151 3266 254 3329 absint
276 3270 316 3331 ab
338 3289 375 3331 ea
396 3268 523 3334 dimidia
545 3293 619 3355 pars
642 3272 769 3348 clus.
814 3273 1000 3337 Endlicheri
1015 3284 1047 3336 et
1062 3296 1156 3360 seqq.

151 3390 209 3434 vv.
234 3371 308 3434 208.
694 3364 705 3376 ⁶

203 3514 278 3574 (186)
297 3517 336 3562 Sic
354 3526 466 3575 corrupte
485 3521 546 3566 Cod.
566 3540 600 3556 -
614 3523 762 3583 Angelonius
781 3529 865 3568 contra
883 3529 986 3568 metrum
1004 3531 1063 3570 etet.
1098 3528 1161 3573 For-

151 3593 232 3635 tasse:
264 3586 407 3633 Dimidium
431 3596 528 3644 statne,
558 3605 589 3635 oc
611 3594 742 3637 semuncia
760 3593 869 3648 dicitur,
889 3596 953 3639 eine.
1002 3593 1076 3651 (191)
1093 3598 1159 3658 Lege

148 3660 268 3703 seeclam.
305 3656 378 3717 (193)
395 3659 459 3719 Lege
477 3659 585 3707 chelcia.
611 3660 685 3721 (195)
702 3660 790 3707 Hinc?
826 3662 898 3719 (196)
916 3664 981 3724 Lege
1000 3662 1129 3712 chalene-
1149 3693 1160 3706 ·

143 3726 260 3787 pendens
278 3729 315 3772 vel
330 3742 454 3787 pensons.
503 3731 617 3777 Ceterum
635 3737 659 3777 et
676 3746 713 3777 vv.
736 3731 863 3782 98-109.
882 3736 945 3794 Aug.
982 3733 1099 3795 Signifer
1119 3762 1129 3773 ·
1148 3763 1158 3774 -

149 3799 237 3843 ethos
256 3811 280 3842 v.
303 3794 448 3845 177-196.
480 3801 511 3845 ab
537 3802 632 3847 homine
651 3803 797 3848 scholastico
814 3805 962 3849 Priscianeis
980 3811 1076 3850 assutos
1094 3807 1159 3851 arhi-

147 3873 217 3913 tror:
249 3872 313 3912 certe
337 3870 485 3923 posteriores
504 3872 527 3916 hi
545 3886 638 3917 menam
657 3877 778 3919 continent
798 3869 992 3946 napeicppaow
1016 3889 1038 3920 s.
1058 3874 1158 3931 amplifi-

149 3938 270 3983 cationem
287 3950 326 3984 vr.
346 3935 389 3985 tl.
409 3952 477 3999 seqq.

500 4064 806 4084 m
