2834 4630
1112 275 1152 338 st

165 415 328 502 tingensis
366 439 467 500 super
496 421 643 486 musico.
698 418 807 502 Atque
843 416 908 481 hoc
943 413 1155 500 antiquissimi

166 518 292 584 codicis
319 516 503 584 testimonio
530 521 616 583 haud
644 518 713 586 scio
744 542 783 583 an
804 517 970 585 Arretinis
998 517 1156 601 eripiatur

165 621 248 688 civis
270 621 401 698 Guido,
424 645 516 708 quem
539 622 580 687 iis
601 622 693 687 unica
714 623 852 688 sortasse
865 621 1028 706 Sigeberti
1043 607 1184 686 aucto·'

75 783 78 788 .
164 725 245 793 ritas
259 724 456 810 largiebatur
464 728 508 806 ²³).
533 726 707 791 Posterior
723 727 847 791 codicis
861 748 937 809 pars
951 724 1155 803 Romanense

163 808 285 914 pbe'ma
310 812 477 911 copiosum
500 840 605 919 xatque
638 840 796 894 vetustum
830 829 987 895 continet.
1037 827 1155 895 Medio

165 944 270 996 autem
307 933 422 997 codice
452 932 623 1017 quaternio
655 932 810 997 inseritur
836 932 1026 1019 paginarum
1058 942 1155 1008 octo,

166 1058 303 1122 quarum
323 1047 390 1099 tres
415 1035 544 1118 priores
566 1037 766 1101 FABULIS
790 1036 917 1104 OCTO
940 1028 1157 1103 PHAEDRI

167 1149 385 1222 occupantur3
419 1128 533 1225 quarta
563 1139 700 1224 pagina,
736 1139 862 1217 idest,
901 1163 1006 1207 versa.
1025 1137 1158 1209 secundi

165 1242 259 1319 folii,
282 1243 367 1326 piam
389 1242 559 1309 Hincmari
579 1243 798 1327 precationem
820 1247 935 1321 habet3
958 1245 994 1309 in
1014 1255 1103 1308 sexta
1125 1252 1158 1306 et

165 1347 303 1431 septima
313 1348 453 1430 psalmus
464 1347 599 1433 legitur,
623 1347 713 1421 cuius
730 1348 854 1412 initium
870 1351 1001 1414 inclino
1014 1348 1158 1415 Domine

167 1455 288 1516 aur'em
308 1463 424 1533 tunm,
459 1451 550 1538 isque
583 1453 677 1517 etiam
707 1455 840 1529 Graece
864 1451 1002 1526 ibidem,
1039 1446 1158 1513 litteris

164 1562 271 1615 tamen
285 1553 429 1632 Latinis,
453 1556 685 1623 conscribitur.
731 1559 858 1625 Octava
879 1559 1003 1619 demum
1021 1552 1157 1616 uiliore

165 1656 264 1718 babet
282 1669 412 1739 praeter
434 1661 534 1722 verba
555 1664 655 1726 haec:
679 1666 736 1728 iric
753 1673 802 1728 est
820 1662 905 1727 liber
929 1662 966 1728 S.
986 1657 1160 1723 Benedicti

165 1758 414 1840 Florioceusis,
436 1785 535 1847 quem
555 1767 587 1826 si
607 1766 684 1847 quis
699 1762 848 1843 furatus
866 1760 1004 1842 fuerit,
1026 1759 1079 1822 vel
1093 1757 1158 1819 oli·

106 1914 108 1920 Α
166 1860 254 1944 quid
269 1862 406 1940 (molo)
432 1865 568 1947 iugenio
591 1866 726 1946 tulerit,
747 1863 999 1945 anathemeris.
1042 1860 1155 1922 Porro

108 2010 118 2024 s
165 1958 337 2027 bisetium
360 1965 466 2027 codex
489 1986 560 2029 cum
582 1963 653 2028 aliis
674 1964 798 2041 multis,
827 1961 989 2046 Lutetiam
1011 1983 1031 2025 a
1051 1960 1158 2025 victo·

92 2084 96 2097 ¹
164 2063 257 2128 ribus
272 2065 375 2129 Gallis
397 2078 509 2133 nostra
524 2081 626 2133 aetate
640 2070 811 2133 translatus
822 2069 956 2145 lucrat,
968 2066 1015 2131 uti
1026 2078 1163 2143 stemma
1255 2148 1256 2151 Ἴ

165 2169 265 2232 docet
293 2170 530 2236 democratieae
566 2172 771 2239 Parisiorum
800 2171 1035 2248 bibliothecae,
1069 2171 1159 2256 quod
1216 2156 1221 2163 ’

164 2269 200 2335 in
221 2273 414 2361 membranis
432 2273 533 2340 minio
558 2277 657 2341 semel
688 2275 877 2351 etiterum,
913 2286 948 2337 ut
969 2273 1003 2337 in
1024 2271 1160 2359 reliquis
1254 2351 1257 2357 Δ

166 2370 387 2465 ὃορυλήπτοις
414 2378 598 2458 Vaticanis,
632 2379 822 2464 impressum
855 2377 931 2442 suit.
962 2380 1041 2442 ‘Sed
1075 2375 1159 2440 enim

167 2479 311 2542 Phaedri
330 2480 563 2566 fragmentum,
591 2496 729 2568 propter
750 2506 837 2548 suam
859 2481 1062 2558 tenuitatem,
1093 2482 1160 2546 Pa·

149 2574 253 2645 risiis
274 2601 340 2647 nou
360 2597 408 2648 est
428 2584 585 2672 agnitum.
628 2588 758 2655 Etenim
780 2609 877 2673 quum
900 2584 1094 2650 Schwabius
1116 2587 1157 2649 de

166 2686 233 2749 hoc
255 2687 325 2751 Ms.
349 2687 502 2755 dixisset:
549 2713 595 2756 un
623 2695 724 2760 node
761 2705 852 2761 extet
878 2690 915 2755 in
949 2691 1160 2757 bibliotheca

130 2839 134 2843 .
168 2787 357 2866 Vaticana,
397 2813 443 2855 on
466 2816 574 2876 nuper
607 2817 632 2858 α
659 2797 766 2863 Gallis
800 2817 881 2860 cum
904 2794 987 2877 taliis
1013 2790 1159 2855 cimeliis

166 2886 317 2952 Parisios
342 2896 556 2957 tranmissus
580 2897 641 2973 sit,
664 2918 733 2959 non
751 2905 907 2975 constot3
929 2889 1099 2959 adnotavit
1112 2887 1161 2952 ibi

167 2987 376 3053 Barbierius:
399 3014 441 3059 ce
466 2997 655 3059 manuscrit
677 3017 719 3060 ne
740 2997 817 3060 s'est
830 3015 895 3076 pus
909 2994 1032 3059 trouve
1043 2993 1161 3074 parmi

168 3111 261 3156 ceux
284 3092 324 3157 de
350 3094 388 3157 la
411 3093 643 3178 bibliotheque
662 3095 709 3181 du
736 3096 908 3173 Voticun,
945 3097 1008 3179 qui
1027 3086 1086 3159 bnt
1108 3090 1161 3157 itt

168 3193 331 3272 apporte's
349 3193 379 3259 d
401 3196 508 3258 Puris.
1169 3184 1175 3197 κ

222 3281 332 3358 χΑἰίιιᾶ
353 3305 401 3382 est
422 3294 454 3358 in
476 3317 541 3381 quo
561 3308 685 3372 errant,
716 3298 796 3384 duce
820 3294 1044 3372 Desbillouio,
1077 3315 1160 3361 non-

167 3395 264 3483 nulli,
287 3396 342 3482 qui
364 3397 397 3460 in
419 3398 620 3494 Floriaccnsi
643 3402 698 3462 seu
714 3399 806 3465 Petri
819 3398 965 3464 Danielis
981 3401 1046 3463 hoc
1066 3398 1160 3484 frag·
1238 3452 1241 3457 1
1288 3406 1290 3419 ⁵
1329 3392 1333 3405 ’

167 3510 276 3563 mento
299 3500 375 3562 duas
398 3503 436 3564 de
458 3500 560 3566 tribus
578 3501 676 3584 primi
697 3502 774 3567 libri
800 3500 995 3569 Phaedriani
1012 3502 1160 3585 partibus

220 3756 244 3814 *l
262 3758 323 3817 Quia
342 3757 420 3803 Guido
439 3773 499 3814 opus
519 3774 590 3805 suurn
608 3762 720 3816 episcopo
738 3761 853 3806 Arretino
866 3762 1005 3807 Theodsldu
1025 3761 1158 3814 inscripsit,

168 3830 259 3875 ideirco
279 3830 382 3891 fortusse
406 3831 545 3888 sigebertus
571 3832 711 3876 Arretinum
737 3832 798 3876 dixit
823 3831 968 3877 Guidoncm.
1011 3830 1084 3887 Atqui
1108 3842 1160 3871 tuo·

167 3900 237 3944 rachi
262 3899 405 3954 praesertim
432 3901 521 3954 patrias
552 3914 607 3944 suas
637 3902 759 3946 deserunt.
797 3901 881 3963 Nonnp
905 3916 946 3949 ex.
966 3914 1006 3960 gr.
1026 3898 1160 3944 Gerbsrtus

169 3968 255 4013 Gallus
270 3969 391 4014 Bobisnse
411 3969 439 4012 iu
453 3968 522 4013 ltalia
540 3970 683 4015 coenobium
701 3969 820 4029 regebat?
