2870 4626
1108 348 1146 409 77

44 550 51 563 .
150 496 251 563 Oliva
274 493 366 559 nobis
387 503 521 577 propter
541 490 679 555 fructum
702 501 749 554 est
772 490 906 574 gratior.

150 602 256 680 Tune
271 599 317 660 sie
338 601 470 661 deornm
495 596 621 680 genitor
643 606 738 677 atque
758 594 919 658 hominum
941 603 1049 655 sator:
1109 593 1150 653 to

149 703 183 767 Ο
208 711 296 775 nata,
322 699 434 762 merito
456 698 578 781 sepiens
600 698 708 759 dicere
731 698 894 760 omnibus!

147 804 224 867 Nisi
246 802 322 864 utile
343 813 390 864 est
411 803 499 885 quod
520 800 670 876 lecimus,
695 800 789 861 stulta
811 811 858 862 est
882 799 999 884 gloria.

196 906 282 970 Nihil
305 926 400 989 agere
423 905 511 988 quod
532 924 594 967 uon
616 901 721 984 prosit
743 902 858 964 fabella
881 905 1038 978 admonet.

484 1108 490 1123 “
535 1118 632 1182 [run.
656 1119 766 1180 nunu]

246 1274 374 1338 PAVO
398 1271 462 1336 AD
483 1271 703 1336 IUNONEM
726 1271 788 1336 DE
811 1269 938 1335 VOCE
963 1270 1063 1334 sUA.

197 1419 290 1482 Pavo
312 1417 350 1477 ad
371 1408 525 1477 Iunonem
549 1412 635 1474 venit
656 1411 783 1495 indigne
804 1410 909 1474 ferens

149 1520 274 1586 Cantus
296 1517 417 1581 luscinii
442 1519 529 1601 quod
551 1515 609 1578 sibi
633 1537 697 1579 non
720 1513 885 1577 tribuerit:

149 1624 246 1687 Illum
268 1642 336 1684 esse
358 1618 478 1683 eunctis
501 1617 629 1681 auribus
651 1616 882 1694 admirabilem,

151 1726 195 1788 Se
217 1724 373 1799 derideri,
397 1723 488 1786 simul
510 1742 546 1783 ae
567 1742 678 1786 vocem
702 1721 833 1784 miserit.

79 1841 85 1851 '
156 1831 251 1892 Tune
273 1826 455 1891 consolandi
477 1823 577 1909 gratia
600 1823 679 1886 dixit
700 1828 777 1889 dea:

149 1933 216 1995 Sed
236 1930 341 1993 forma
361 1927 483 2005 vincis,
507 1927 605 1990 vineis
627 1927 860 2010 magnitudine3

149 2033 251 2097 Nitor
273 2030 430 2116 smaragdi
452 2031 536 2095 eollo
557 2029 737 2113 praefulget
759 2042 815 2094 tuo

151 2135 318 2219 Pictisque
341 2132 454 2218 plumis
477 2154 649 2217 gemmeam
672 2134 799 2194 eandem
823 2123 975 2214 explicas}

151 2238 228 2318 Quo
250 2239 314 2312 mi,
337 2235 455 2321 inquit,
480 2246 595 2297 mutam
618 2234 772 2317 speciem,
798 2235 824 2298 si
846 2237 958 2298 vincor
980 2220 1085 2301 simo?

123 2382 126 2391 κ
157 2342 312 2404 Fatorum
335 2338 467 2403 arbitrio
489 2348 596 2420 parte's
618 2349 691 2400 sunt
712 2339 938 2403 vobis'datae:
1107 2342 1148 2400 10

155 2443 232 2506 Tibi
252 2443 374 2518 forma,
399 2440 484 2504 vires
505 2440 646 2524 aquilae,
670 2439 805 2506 luscinio
828 2443 945 2516 melos,

153 2545 336 2629 Augurium
358 2562 478 2618 corvo,
501 2543 591 2606 laeva
613 2544 735 2607 cornici
757 2544 879 2608 omines

152 2649 333 2731 Omnesque
354 2646 496 2730 propriis
518 2658 590 2709 sunt
612 2658 776 2711 contentae
798 2648 938 2711 dotibus.

151 2835 217 2893 guil:
236 2829 353 2875 Minerva
374 2828 505 2875 admirare
523 2843 600 2890 quare
618 2829 714 2873 sterilia
730 2836 873 2887 sumerent,
892 2830 1060 2892 Interrogavit
1071 2847 1144 2878 ceur-

150 2916 206 2946 eom
215 2915 226 2956 ;
244 2900 443 2958 dixitluppiter.
479 2897 518 2958 (l)
535 2897 660 2944 Honorem
673 2896 772 2959 fructu]
790 2900 820 2945 N.
841 2902 865 2944 in
884 2900 1048 2957 Cornucopiae
1067 2905 1145 2946 vario-

150 2986 206 3015 rum
228 2971 291 3015 eoni.
320 2968 426 3014 firmans.
455 2971 480 3013 S.
506 2993 539 3003 -
563 2967 662 3012 Honore
679 2965 795 3027 fructum
817 2970 847 3015 P.
872 2970 902 3014 Β.
925 2985 949 3027 p.
970 2994 1002 3005 -
1020 2969 1146 3016 Honorem

144 3037 252 3101 fruetus
270 3039 352 3084 Codicl
378 3040 502 3084 Perelliuo
527 3039 610 3084 {ribuit
632 3039 757 3094 Dorrlll.;
789 3054 936 3097 nequaquem
961 3054 1018 3085 vero
1046 3041 1144 3087 lennell.

153 3109 191 3167 (8)
209 3107 374 3167 mehercules]
394 3108 425 3154 N.
447 3110 472 3156 S.
491 3128 523 3142 -
541 3105 680 3152 mehercule
700 3108 730 3153 P.
753 3109 783 3153 Β.
802 3123 827 3164 p.
869 3109 953 3165 (lbld.)
976 3109 1101 3169 narrabit]
1120 3124 1143 3165 p.

152 3181 177 3224 S.
200 3200 229 3212 -
249 3180 361 3222 narrarit
378 3179 407 3225 P.
436 3179 465 3225 Β.
485 3200 518 3213 --
536 3176 689 3221 mehercules
710 3179 791 3237 iuquit
809 3178 873 3239 qnod
893 3180 922 3226 N.
970 3177 1007 3236 (9)
1019 3178 1164 3240 sructumJy

151 3250 181 3294 Β.
201 3264 215 3292 ιι
233 3263 281 3293 sec.
302 3262 334 3292 ιιι.
354 3249 468 3293 Rittersb.
488 3250 514 3293 S.
534 3272 567 3283 -
578 3244 683 3307 fructus
694 3247 724 3291 P.
744 3249 774 3292 ll.
795 3263 807 3292 n
827 3262 863 3303 pr.
882 3262 914 3295 ιιι.
935 3247 964 3295 Ν.
980 3262 1003 3303 p.
1040 3246 1097 3307 (10)
1112 3260 1143 3292 =

152 3318 217 3363 Tum
238 3317 269 3361 N.
294 3321 354 3362 teste
379 3318 446 3362 leun.
482 3316 564 3373 (ibid.)
588 3315 697 3378 genitor]
722 3317 752 3362 N.
779 3330 803 3371 p.
829 3318 854 3361 S.
881 3341 913 3351 -
936 3318 1048 3377 gentium
1065 3319 1095 3364 P.
1111 3318 1143 3364 Β.

152 3385 205 3443 (13)
226 3408 255 3419 -
275 3393 398 3431 ammonet
413 3388 443 3431 Β.
463 3408 496 3421 -
513 3394 595 3431 monet
612 3388 641 3430 P.
662 3387 775 3430 Correxit
792 3396 816 3443 p.

202 3458 261 3501 Fun.
279 3456 373 3504 xvm,
420 3454 457 3513 (1)
474 3467 513 3503 mo
529 3455 595 3501 Paro
614 3456 730 3499 lunonem
750 3457 862 3500 convenit
875 3455 907 3500 N.
945 3454 1146 3513 (2)-1mctm·

150 3526 181 3570 ll.
200 3550 234 3560 -
251 3526 375 3569 luerinr'ne
394 3527 417 3571 b.
439 3529 455 3571 l.
475 3531 499 3572 et
520 3540 543 3570 v.
565 3525 605 3570 ll.
626 3525 655 3570 N.
673 3539 770 3569 servans
785 3531 862 3570 tamen
884 3540 906 3571 v.
928 3527 1008 3572 illum.
1045 3525 1081 3583 (3)
1101 3541 1145 3570 nu-

150 3594 231 3655 ribus]
250 3597 280 3640 P.
302 3596 333 3639 Β.
359 3597 384 3639 S.
403 3606 441 3643 eto
458 3596 543 3640 aribus
561 3596 591 3640 N.
610 3594 707 3639 firmans
721 3596 898 3640 Pithoeieoni.
922 3598 991 3641 tucite
1010 3600 1039 3638 rb
1059 3611 1088 3640 eo
1105 3610 1144 3640 re·

151 3672 251 3721 ceptum.
272 3664 317 3724 (⁴-
332 3665 515 3709 emmirubilem
533 3666 562 3709 P.
582 3665 623 3719 Β.)
660 3664 695 3719 (5)
709 3687 741 3698 -
758 3654 869 3725 gratidm
887 3667 916 3711 P.
934 3667 979 3720 ll.,
1012 3671 1110 3724 uterque
1129 3679 1143 3708 a

149 3748 186 3789 pr.
206 3737 287 3778 manu.
307 3733 433 3779 —duxit
455 3747 480 3792 g.
517 3734 570 3779 Non
588 3741 706 3779 memorat
731 3737 801 3779 vine.
838 3733 875 3790 (6)
892 3760 925 3770 -
936 3733 1026 3795 forma
1045 3743 1071 3779 tu
1092 3736 1144 3779 rin·
1230 3730 1235 3747 ¹

149 3805 185 3849 eis
204 3810 229 3848 et
245 3816 333 3863 magn.
353 3804 384 3848 N.
412 3802 478 3861 (sie).
521 3803 559 3863 (7)
588 3814 619 3848 =
644 3805 777 3865 smaragdi
800 3805 882 3849 Burm.
902 3807 928 3849 S.
964 3804 1000 3860 (9)
1019 3803 1072 3865 Quo
1095 3801 1142 3861 mi]

148 3887 172 3929 p.
191 3876 217 3918 S.
247 3896 280 3907 -
298 3885 345 3933 qno
361 3871 422 3917 milri
447 3875 476 3918 P.
495 3874 525 3918 Β.
548 3895 577 3906 -
596 3869 646 3918 Gur
669 3872 745 3929 milri,
770 3875 862 3932 inquit,
880 3876 991 3933 speeies,
1017 3875 1041 3917 si
1059 3873 1088 3918 N.
1114 3886 1143 3916 ex

152 3945 264 4000 interpol.
295 3940 494 4001 (10)-90111
521 3949 584 3987 cunr
597 3942 627 3987 N.
650 3947 709 3988 teste
727 3944 849 3998 Dorvill.,
870 3946 915 3987 uon
935 3947 1002 3988 leun.
1039 3941 1090 3996 (12)
1109 3936 1157 3973 -··'

148 4012 200 4059 lero
217 4028 241 4059 c.
261 4011 365 4058 bomine
382 4013 412 4059 P.
431 4013 461 4058 Β.
482 4010 536 4071 (13)
554 4010 701 4074 Omnesque]
720 4016 759 4059 Sic
779 4019 827 4058 tres
846 4014 904 4058 Cdd.
925 4015 954 4059 P.
973 4013 1002 4056 Β.
1023 4011 1053 4056 N.
1067 4015 1139 4066 (ιιοιιε
