2870 4626
1095 338 1134 399 17

140 495 181 538 ex
208 478 319 567 eodem
350 471 524 553 exemplari
548 470 709 536 rideantur
727 473 888 558 descripti.
947 474 1136 541 Correctio·

40 632 42 677 2
139 599 195 641 nes
221 591 361 643 ardema
395 577 531 640 secunda
564 594 656 638 manu
684 575 715 638 in
744 578 892 642 Hennensi
919 577 1022 642 factae
1050 579 1134 642 eius·

139 682 227 745 rnodi
250 693 338 757 sunt,
362 691 396 742 nt
416 679 585 773 pleraeque
607 698 625 741 a
644 680 821 743 recentiore
839 681 944 766 aliquo
964 681 1133 767 philologo

40 812 41 855 3
140 804 182 846 ex
201 783 333 847 Pithoei
351 795 382 845 et
404 779 539 864 Rigaltii
560 780 645 844 Edd.
668 780 833 864 proiectae
848 782 1024 848 rideantur.
1047 784 1135 849 Nori

40 884 42 915 ³
140 898 231 949 certe
252 882 327 947 nihil
349 883 522 948 continent.

209 985 278 1050 III.
300 988 405 1050 Vetus
427 983 569 1049 Danielis
596 984 736 1048 chartula
760 987 833 1050 Sec.
856 987 939 1050 XII.
962 987 1057 1051 variis
1075 1010 1134 1054 no·

40 1080 41 1095 ³
101 1150 103 1156 ,
142 1088 280 1152 minibus
300 1088 446 1171 insignita
468 1094 648 1150 asservatur
672 1088 868 1152 etiamnunc
891 1089 922 1151 in
943 1089 1135 1155 bibliotheca

40 1218 41 1261 t
140 1191 311 1255 Vaticana.
352 1191 589 1254 Asseverabant
622 1190 723 1274 vulgo
753 1189 784 1253 in
818 1211 856 1254 oa
885 1203 1008 1255 exstare
1032 1190 1133 1256 XXI.
1191 1184 1197 1202 ⁸

141 1292 266 1376 priores
289 1293 412 1356 fabulas
434 1291 528 1355 Libri
558 1290 706 1373 punit).
749 1291 811 1355 Sed
838 1293 1013 1357 accuratius
1038 1313 1135 1378 quum

39 1402 41 1491 ὲ
142 1416 244 1477 nuper
255 1395 296 1458 sit
311 1395 452 1476 inspecta
468 1415 484 1456 a
498 1392 698 1478 Goettliogio
709 1393 755 1456 V.
767 1392 809 1459 C.
822 1395 898 1474 (cfr.
907 1395 1077 1471 ,Schwabii
1086 1398 1133 1460 V.

145 1494 809 1578 C.scriptiuncnlarnin8eebodeNeuem
822 1497 961 1561 Archiv.
979 1498 1072 1561 1829.
1088 1498 1134 1563 N.
1257 1541 1261 1547 .

143 1599 213 1678 16.)
222 1599 288 1662 eius
300 1619 340 1661 ex
351 1594 531 1661 testimonio
539 1607 658 1678 septem
670 1599 830 1660 dumtaxat
841 1598 933 1662 Libri
941 1599 1032 1680 prinri
1041 1599 1134 1663 fabu-

39 1718 40 1767 ἰ
121 1701 358 1803 ΙΙεεωοιιῑίιιιῑῑς
383 1708 524 1762 eaesnnt
545 1698 735 1761 11.12.13.
754 1701 807 1763 17.
832 1702 884 1765 18.
909 1701 961 1765 19.
985 1701 1037 1763 11.
1060 1703 1136 1767 Hoc

143 1814 245 1865 sutem
267 1802 292 1864 si
325 1822 433 1865 verum
463 1812 526 1876 est,
561 1820 695 1884 quonam
719 1804 815 1866 modo
846 1803 1005 1887 Rigaltius
1030 1804 1136 1885 potuit

39 1920 40 1935 ¹
142 1904 265 1973 referre
288 1904 319 1966 iu
339 1903 465 1966 fabulae
493 1903 599 1979 lusu.
624 1904 655 1965 1.
679 1914 818 1967 veterem
840 1903 984 1968 DanieIIs
1006 1907 1135 1969 chartu-

144 2002 204 2072 lam
226 2008 342 2071 babere
370 2025 490 2069 nomen
516 2027 620 2090 quum
641 2007 748 2081 locat,
772 2009 933 2088 quomodo
955 2007 986 2069 iu
1007 2004 1136 2072 fibulae

61 2184 63 2188 .
145 2108 201 2184 20,
229 2132 268 2171 ιν.
292 2111 324 2172 5.
348 2109 428 2171 idem
454 2096 612 2192 Rigaltius
635 2119 728 2189 atque
751 2108 921 2172 Heinsius:
956 2110 1026 2183 „V.
1049 2109 1134 2174 Dan.

146 2207 227 2274 Cod.
252 2205 409 2274 ebibere'’
432 2213 507 2292 (pro
528 2209 651 2289 bibere)
674 2222 704 2272 et
727 2212 764 2270 ad
787 2210 873 2273 ver's.
897 2210 929 2275 9.
953 2228 1061 2275 rursus
1077 2209 1136 2289 Hi·

146 2313 257 2394 galtius
271 2335 279 2375 :
303 2360 317 2387 ,‚
330 2309 376 2378 Τὸ
394 2312 441 2375 ibi
452 2314 539 2374 ahest
555 2333 572 2373 a
585 2309 625 2376 C.
637 2308 874 2375 Danielis'’—?
896 2309 1022 2389 Novem
1034 2313 1136 2396 igitur

144 2414 273 2478 fabellas
295 2414 400 2478 hicio
423 2414 546 2477 schedis
563 2413 629 2476 istis
650 2427 826 2494 repererat.
869 2396 936 2477 Iam
960 2436 1039 2478 vero
1056 2436 1135 2478 con·

146 2527 205 2579 stat
228 2538 246 2580 e
269 2539 357 2581 mero
385 2537 497 2580 errore
528 2537 613 2592 esse,
648 2519 734 2599 qttod
763 2516 911 2579 Heinsius
932 2517 965 2579 iu
994 2517 1135 2601 Prologi

146 2637 179 2679 r.
202 2621 233 2681 l.
258 2621 349 2681 affert
367 2617 530 2702 prudenti
552 2639 569 2681 e
590 2619 710 2681 Vetere
730 2615 871 2694 Codice,
902 2618 1061 2697 Danielis,
1099 2630 1135 2683 ut

148 2720 373 2807 opinabantur;
396 2743 493 2806 quum
516 2719 555 2783 sit
574 2720 680 2803 potius
703 2719 874 2806 Bougarsii
898 2721 1091 2785 coniectura.

206 2825 270 2886 Sed
295 2846 359 2907 quio
378 2823 487 2887 melius
505 2822 602 2886 totius
623 2822 790 2906 fragmenti
814 2822 937 2886 Indoles
959 2823 1134 2906 perspicia·

38 2934 40 2995 ζ
146 2933 217 3001 tur,
239 2926 393 3010 integram
417 2925 483 2989 eius
506 2925 688 2988 varietatem
704 2924 896 2989 hiciuuctim
916 2924 1133 3008 exhibebimus
1184 2912 1191 2929 ¹

38 3002 40 3075 f
148 3047 213 3089 curn
251 3028 441 3112 singularum
479 3028 647 3092 lectionum
687 3025 953 3104 auctoritatibus,
990 3028 1135 3091 videlicet

38 3128 39 3143 ¹
147 3122 275 3211 Rigaltii
296 3131 386 3211 (R.),
419 3126 542 3195 Heiusii
564 3130 658 3210 (Η),
694 3129 789 3192 Gudii
810 3132 894 3211 (G.).
937 3129 1027 3211 Quae
1049 3140 1133 3194 aste·

143 3229 256 3296 riscum
275 3235 411 3309 hahent,
437 3253 455 3295 a
476 3231 569 3297 nohis
589 3244 736 3316 receptae
757 3243 841 3295 suut.

144 3367 173 3442 1)
191 3368 259 3428 Lib.
280 3368 305 3428 I.
332 3366 386 3428 XI.
407 3375 436 3433 6.
457 3368 474 3405 ⁰
493 3379 551 3445 ipsa
569 3376 710 3443 exciperet
727 3366 767 3426 H.

143 3465 172 3529 2)
245 3505 261 3536 n
354 3505 370 3536 ,
385 3510 388 3513 .
406 3468 436 3524 6.
492 3461 685 3518 121.me.
705 3461 745 3517 H.

142 3553 172 3629 3)
244 3598 260 3629 ‚‚
353 3598 369 3630 ,9
406 3564 434 3618 7.
493 3560 647 3617 Clamorem
665 3554 784 3610 subitum
802 3553 840 3612 II.

143 3644 173 3723 l)
246 3691 263 3724 ‚,
355 3689 371 3722 „
410 3657 436 3711 7.
494 3656 563 3706 totu
581 3650 657 3702 sollu
673 3647 713 3704 Η.

145 3739 172 3815 I)
245 3784 261 3815 ‚‚
352 3784 367 3816 n
405 3740 666 3818 10.⁰ffgumur
683 3741 720 3799 R.
742 3740 782 3798 H.

709 3873 1123 3893 m

159 3965 162 3973 “
191 3949 215 4011 I)
234 3953 307 4006 Non,
327 3959 352 3997 ut
369 3956 402 4000 ait
417 3952 508 4014 Barnea·
526 3969 580 4015 pag.
601 3953 630 4012 1,
649 3958 755 4004 secundi,

185 4033 272 4076 Phaedri
290 4032 388 4077 Fabulis.
803 4034 823 4097 2
