2834 4630
261 316 302 380 52

262 457 342 523 Plus
356 434 480 523 amicus
495 480 615 524 mensa.
637 481 733 546 quam
748 482 836 539 mens
851 449 994 544 concipit
1007 463 1109 526 bona.
1204 470 1208 479 “

261 561 425 626 Pereundi
439 573 564 646 tempus
580 562 666 627 scire
682 575 730 628 est
751 564 836 629 mori
856 564 1132 650 frequentissime.

261 664 349 728 Petit
371 664 430 749 qui
449 665 612 730 irascitur.
635 666 813 749 periculum
837 667 898 731 sibi
919 690 1087 753 generare.

262 768 435 832 Peccatum
455 779 617 836 extenuat.
642 770 699 855 qui
722 773 761 834 de
779 772 876 835 brevi
900 758 1105 836 oornniissum
1134 793 1227 836 com·

773 878 916 947 mendat.
1217 879 1263 939 70

261 973 416 1038 Pericula
426 974 569 1039 timidus.
587 975 682 1039 etiam
699 998 780 1061 quae
795 999 861 1041 non
874 989 948 1039 sunt
967 976 1052 1042 videt
1066 999 1258 1063 praesagus.

263 1079 379 1142 Pudor
397 1078 511 1142 doceri
530 1100 596 1142 non
615 1091 737 1161 potest.
761 1079 849 1142 nasci
867 1091 987 1162 potest.

263 1178 327 1261 Qui
335 1180 516 1246 numerosis
525 1184 629 1245 studet
638 1182 761 1246 amicis.
775 1183 1152 1248 etinimicosnccesseest
1161 1183 1260 1250 ierat.

262 1282 330 1364 Qui
352 1278 451 1348 semet
467 1296 609 1348 accusat.
631 1289 671 1348 ab
692 1284 757 1349 alio
778 1307 843 1350 non
862 1297 969 1369 potest
992 1286 1167 1360 criminari.

194 1404 198 1407 ⁴
263 1385 483 1472 Quodcunque
499 1385 661 1455 calamitas
679 1388 818 1473 quaerit.
841 1389 938 1453 facile
957 1387 1135 1473 repperiet.
1176 1462 1179 1469 ¹
1216 1392 1258 1455 75

261 1489 329 1570 Qui
352 1487 483 1555 insidias
503 1489 576 1572 plus
594 1489 697 1559 timet.
723 1490 849 1573 capitur
868 1491 983 1557 minus.

265 1589 330 1672 Qui
349 1591 561 1659 dormientem
576 1615 691 1678 necare
706 1592 831 1667 nititur.
853 1597 1014 1660 absentem
1029 1594 1212 1668 ulciscitur.

262 1695 360 1776 Quod
372 1706 420 1758 est
437 1706 619 1759 venturum.
640 1692 766 1779 sapiens
783 1697 876 1785 quasi
890 1720 1042 1780 praesens
1058 1699 1156 1764 cavit.
1172 1700 1259 1784 (sic)

203 1792 205 1803 '
261 1796 327 1878 Qui
341 1796 406 1861 sibi
421 1797 550 1862 minime
565 1798 659 1865 vivit.
683 1799 799 1864 merito
817 1801 922 1864 multis
938 1802 1113 1866 occumbit.
1319 1886 1322 1887 7

261 1901 433 1966 Ruborem
448 1902 555 1974 amico
569 1902 728 1976 incutere,
752 1902 885 1966 amicum
903 1916 950 1966 est
964 1891 1120 1986 perdeue.¹
1215 1908 1262 1971 80

261 2004 328 2069 Res
350 2015 472 2086 quanto
493 2017 541 2068 est
563 2005 680 2078 maior.
703 2017 793 2071 tanto
813 2018 860 2070 est
880 2006 1084 2080 insidiosior.
1115 2054 1118 2062 ι

264 2105 386 2172 Reddit
406 2129 473 2172 non
492 2108 614 2192 perdit.
634 2109 691 2196 qui
709 2113 800 2196 quod
817 2108 953 2175 alienum
973 2122 1042 2173 erat
1056 2112 1229 2194 persolvit.

265 2211 395 2295 Regnat
414 2211 551 2281 carnalis
571 2211 741 2295 cupiditas.
764 2212 820 2276 ubi
838 2233 904 2279 non
922 2225 969 2285 est
989 2213 1039 2276 dei
1060 2215 1191 2283 caritas.

261 2311 326 2376 Sua
343 2311 399 2399 qui
415 2325 530 2378 servat
543 2314 645 2378 salva.
673 2315 739 2378 vult
760 2337 829 2379 osse
854 2315 1049 2390 communia.

263 2416 345 2498 Spes
361 2416 472 2479 salutis
489 2428 553 2481 est.
576 2417 634 2489 ubi
656 2416 818 2482 bominem
840 2419 992 2504 obiurgat
1008 2421 1123 2495 tituor.
1213 2423 1253 2495 85

261 2517 346 2584 Satis
365 2531 413 2584 est
429 2518 593 2592 inimicum
614 2543 779 2605 superare.
803 2521 935 2597 nimium
955 2535 1002 2593 est
1025 2527 1175 2606 perdere.

312 2730 371 2792 (67)
389 2734 474 2782 Abest.
494 2735 616 2779 Sententia
627 2735 685 2779 haec
697 2735 749 2779 fere
764 2736 840 2785 fuisse
856 2737 966 2782 videtur:
987 2735 1072 2785 Placet
1083 2739 1176 2783 etnicis
1185 2741 1250 2795 olus,

260 2803 326 2864 quod
338 2818 410 2848 mena
429 2803 513 2849 condit
527 2803 600 2849 bono.
620 2805 637 2848 i.
652 2820 673 2852 e.
688 2805 782 2858 Amici,
800 2806 900 2869 benigne
917 2812 941 2850 et
957 2811 1056 2851 candide
1073 2809 1103 2852 ab
1123 2810 1201 2854 amico
1214 2825 1257 2854 ex·

260 2875 339 2930 cepti,
360 2875 434 2919 etiem
451 2875 538 2919 ritihus
555 2874 616 2921 cibis
635 2879 742 2919 contenti
760 2880 824 2919 sunt.
869 2870 933 2936 (68)
954 2887 987 2931 z
1005 2874 1065 2924 557.
1082 2879 1115 2925 O.
1136 2891 1168 2934 =
1195 2877 1254 2926 637.

260 2944 291 2989 B.
309 2953 348 2992 tuo
366 2943 494 2992 Pereundo'
510 2945 578 2988 scire
598 2950 695 3002 tempus
716 2945 820 2989 assidue
844 2953 882 2990 est
898 2946 964 2990 mori
981 2946 1033 2992 OB.
1088 2947 1147 3007 (69)
1166 2949 1252 2997 coest.

261 3015 316 3060 Del.
332 3020 369 3058 est
384 3028 408 3059 r.
426 3028 563 3075 generare.
606 3012 663 3074 (to.
684 3026 717 3069 r..
738 3013 797 3060 568.
815 3015 846 3060 O.
870 3027 902 3071 ε,
924 3013 984 3061 626.
999 3018 1028 3062 Β.
1047 3027 1086 3077 eto
1102 3019 1132 3064 P.
1155 3034 1197 3075 e.‚
1216 3020 1265 3079 qui

262 3085 506 3145 celeriter'co'rrigit
523 3085 576 3130 OB.
635 3080 703 3143 '(71)
724 3096 755 3137 τ,
772 3084 831 3134 561.
857 3086 889 3132 0.
915 3095 946 3130 =
969 3084 1029 3132 660.
1046 3089 1076 3133 Β.
1096 3099 1135 3136 mit
1152 3089 1254 3134 Pericle

262 3154 366 3198 timidus
384 3157 460 3202 etium
477 3170 540 3214 quoe
554 3169 606 3200 non
620 3161 680 3200 eunt
695 3154 760 3201 uidet
777 3156 830 3202 OB.
867 3152 924 3214 (72)
945 3166 977 3200 =
991 3154 1051 3202 592.
1061 3152 1093 3203 O.
1109 3169 1142 3212 τ,
1158 3157 1256 3205 681.Β.

262 3221 319 3283 (73)
332 3226 416 3269 Abest.
453 3223 509 3281 (76)
525 3225 609 3271 Abest.
629 3227 686 3290 Fpit
701 3227 759 3271 haee
776 3227 828 3271 fere
845 3227 979 3272 sententia:
1000 3225 1049 3288 Qui
1061 3235 1142 3274 semet
1153 3234 1258 3274 accusat

262 3295 370 3338 crimine
382 3309 431 3339 non
442 3295 550 3355 indiget,
581 3296 664 3341 Verbo
677 3297 815 3340 criminari
823 3302 904 3342 autem
920 3297 1039 3352 passivam
1052 3297 1256 3359 significationem

228 3356 230 3361 ¹
262 3365 347 3408 tribuit
365 3366 534 3421 interpolator.
572 3362 633 3429 (75)
644 3366 728 3411 Abest.
748 3369 863 3411 Fortasse
876 3369 923 3424 leg.
945 3365 1111 3428 Quaecunque
1125 3371 1258 3413 columitas

263 3435 380 3494 quaerit,
393 3432 478 3494 focile
493 3436 596 3483 incenit.
632 3432 690 3494 (76)
711 3447 743 3483 =
771 3434 829 3481 dli.
845 3438 877 3481 O.
890 3447 927 3491 ε,
950 3434 1009 3484 755.
1022 3440 1050 3482 Β.
1071 3449 1111 3486 met
1128 3438 1259 3500 Oreitimet

264 3503 489 3560 ineidioeomnes,
510 3507 597 3550 nullos
612 3505 704 3551 inridit
719 3507 772 3552 OB.
821 3505 879 3564 (77)
893 3508 976 3555 Ahest.
1014 3506 1070 3563 (78)
1093 3509 1177 3553 Abest.
1200 3510 1258 3568 Leg.

263 3581 342 3619 cavet.
381 3572 437 3632 (79)
459 3587 491 3620 =
510 3573 569 3622 653.
588 3576 619 3624 0.
643 3588 675 3621 =
699 3574 757 3623 749.
772 3579 800 3625 Β.
820 3576 931 3638 Quisibi
945 3579 1080 3632 conciuit,
1098 3580 1261 3623 atttemertto

265 3651 430 3697 cetmortuue
447 3646 500 3691 OB.
539 3643 596 3704 (80)
618 3658 649 3690 =
673 3645 731 3692 697.
756 3647 787 3692 0.
813 3658 844 3690 =
872 3646 931 3695 805.
956 3648 984 3692 B.
1012 3659 1050 3694 cao
1071 3655 1190 3693 excutere
1209 3649 1260 3703 OB.

264 3713 328 3829 (181)
351 3727 383 3759 =
407 3713 465 3761 690.
481 3717 511 3762 0.
529 3727 560 3763 =
578 3713 679 3762 798.Β.
698 3727 736 3764 exo
752 3717 902 3762 invidiosior
916 3718 966 3763 OB.
1005 3717 1138 3773 (82-ς-ψ86)
1161 3720 1261 3763 Abeunt.

197 3809 202 3814 -
288 3786 294 3829 i
314 3786 418 3830 fortusse
440 3786 552 3832 fuerunt:
583 3785 686 3842 Reddit,
706 3801 757 3831 non
775 3788 875 3846 perdit,
901 3790 944 3846 pul
961 3804 1036 3833 sumn
1048 3790 1153 3847 quoique
1165 3789 1260 3834 tribuit.

264 3855 318 3901 Suu
336 3857 380 3914 qui
398 3862 495 3911 servat,
515 3858 571 3902 suis
591 3863 677 3902 serrat
693 3858 844 3902 communio.
881 3853 940 3918 (85)
961 3870 993 3902 ε’.
1013 3856 1070 3904 750.
1088 3859 1119 3904 0.
1145 3870 1177 3902 ,τ
1203 3856 1260 3921 853,

265 3927 294 3970 Β.
311 3936 350 3973 (ἡκ)
364 3926 428 3983 Spes
445 3933 484 3971 est
499 3928 608 3982 solutis,
630 3927 672 3972 uhi
683 3924 808 3972 hominem
820 3929 939 3988 obiurgat
948 3928 1030 3985 pudor
1047 3930 1098 3973 ΟΒ.
1141 3927 1199 3986 (86)
1215 3930 1262 3973 Ab.

265 4001 311 4041 est.
341 3997 398 4040 Fuit
420 3998 543 4043 fortusse:
564 3997 634 4043 Satis
653 4005 691 4043 eet
715 3997 811 4044 hostem
836 4014 972 4058 superare,
993 4000 1122 4044 nisuirtmet
1142 3999 1262 4058 perdere.
