2834 4630
369 915 479 991 COD.
508 916 749 994 SALlllllSIl
776 915 890 993 SINE
918 908 1137 993 NUMERO.

253 1152 407 1216 (Descriptus
426 1169 440 1198 a
457 1156 607 1200 Fertlinsudo
626 1156 753 1200 Hautbalin
772 1155 802 1199 ab
830 1156 959 1214 eodemque
978 1170 1031 1201 eum
1048 1155 1113 1201 Pith.
1133 1155 1257 1213 collatus.)

255 1303 382 1385 lneipit.
408 1305 486 1368 Per.
510 1302 672 1386 virgilium
694 1303 774 1380 (sie,
808 1303 870 1366 sed
897 1324 921 1366 a
947 1304 1097 1367 secunda
1125 1307 1257 1382 manu.)

189 1412 192 1419 “
297 1408 423 1471 veneris
441 1407 599 1471 troeaieo.
624 1419 725 1470 metro
749 1419 821 1469 suant
843 1427 922 1471 vero
946 1428 1070 1473 uersus.
1093 1409 1211 1472 XXII.

254 1576 337 1642 Cras
369 1588 451 1640 amet
484 1575 539 1660 qui
571 1596 728 1659 nunquam
764 1575 914 1639 amabit
946 1576 1063 1660 quique
1096 1579 1253 1640 amavit.

592 1676 598 1687 ’
886 1701 976 1743 eras
999 1692 1083 1743 amet

254 1787 326 1848 Ver
341 1805 458 1861 nouum
476 1784 628 1847 veriam
646 1806 809 1848 canorum.
836 1805 933 1846 vere
956 1792 1072 1846 uatus
1087 1784 1194 1847 iovis
1210 1796 1256 1848 est

256 1888 346 1950 Vere
368 1890 564 1970 concordant
587 1908 759 1950 amores.
803 1907 880 1950 uere
903 1888 1054 1949 nubunt
1076 1887 1180 1950 alites.

178 2039 181 2045 -
254 1992 298 2055 Et
322 2012 431 2075 nemus
453 2012 602 2055 comam
625 1989 807 2053 resolvit
829 1991 867 2052 de
890 1989 1011 2052 maritis
1033 1989 1187 2054 imbribus

236 2093 337 2158 .Cras
360 2116 537 2156 amorum
560 2093 756 2175 copulatrix.
802 2092 884 2155 inter
906 2094 1032 2156 umbras
1053 2095 1204 2158 arborum

255 2199 393 2279 Inplicst
416 2219 516 2283 gaza
539 2197 732 2260 virentis.
777 2199 815 2258 de
836 2195 967 2282 flagello
989 2195 1137 2261 mirteo

257 2300 339 2365 Cras
363 2301 456 2365 dione
477 2304 546 2381 iura
569 2300 643 2364 <licit
664 2299 793 2362 fultas
815 2300 989 2363 sublime
1011 2311 1108 2365 trono
1150 2292 1156 2305 ⁸

168 2412 174 2421 '
205 2428 217 2453 ··
256 2402 339 2471 Cras
362 2417 444 2469 amet
467 2404 520 2488 qui
543 2422 701 2488 uunquam
724 2402 853 2466 amavit.
877 2402 1027 2488 quique
1049 2404 1167 2468 amavit
1188 2426 1256 2468 cras

468 2538 470 2541 ·
885 2520 968 2571 amet

255 2615 285 2674 T
297 2634 371 2675 une
393 2633 541 2695 cruore
564 2615 608 2675 de
631 2613 812 2694 superbo
841 2631 973 2694 spumeo
995 2623 1112 2695 pontus
1134 2613 1267 2698 globo*

257 2716 391 2780 Cerulas
412 2716 497 2791 inter
519 2728 663 2779 catervas
685 2715 797 2777 inter
819 2727 858 2777 et
880 2714 1050 2797 bipedes
1073 2737 1174 2800 equos

256 2819 349 2883 Fecit
371 2821 539 2882 undantem
561 2817 717 2881 dionem
741 2820 779 2880 de
802 2816 925 2883 maritisv
944 2818 1097 2882 imbribus

254 2923 338 2989 Cras
353 2928 434 2987 aniel
450 2920 503 3006 qui
516 2942 672 3006 nunquam
690 2920 807 2984 amavit
822 2922 938 3006 quique
953 2923 1069 2985 amavit
1088 2944 1157 2987 cras
1176 2932 1259 2988 amet

254 3027 330 3108 Ipsa
354 3023 519 3111 gemmis
538 3035 770 3107 purpurantem
794 3025 896 3110 pingit
918 3047 1030 3088 anuum
1052 3026 1186 3095 floribus

202 3194 205 3203 1
254 3131 329 3212 Ipsa
351 3140 573 3213 surgentes
595 3128 730 3210 papillas
754 3131 792 3191 de
814 3112 959 3192 faboni
978 3128 1134 3211 spiritu

255 3234 389 3316 Urget
411 3232 576 3296 innotos
598 3244 775 3314 penates
798 3231 908 3315 ipsas
930 3232 1013 3296 roris
1036 3233 1132 3296 lucidi
1200 3274 1203 3281 ι

255 3337 369 3399 Noctis
393 3357 468 3398 arira
491 3357 583 3419 quem
607 3335 807 3420 relinquit
836 3335 959 3420 spargit
981 3336 1126 3400 tumentis
1149 3358 1245 3421 aquius

254 3438 1257 3523 Etmicana'tlacrimastuementesdecaduenpondere

255 3546 353 3608 Gutta
375 3564 576 3624 praeceps
597 3544 698 3605 urbe
720 3564 822 3625 parvo
845 3542 1005 3606 sustine
1028 3565 1117 3607 casus
1140 3565 1228 3607 suos-

255 3647 293 3710 In
315 3648 472 3729 pudore
494 3645 607 3711 lloru
629 3645 739 3708 lente
760 3644 969 3728 prodiderunt
991 3667 1172 3731 purpore

306 3871 380 3919 Vens.
403 3869 427 3916 l.
472 3868 576 3930 amabit]
595 3886 609 3914 u
627 3884 676 3916 sec.
697 3878 787 3915 runnu:
807 3868 910 3914 amnuit.
960 3866 1000 3913 ll.
1020 3866 1255 3927 mensunusum

253 3944 341 3988 Hsulb.
360 3943 396 3985 mi
414 3948 490 3987 canat
507 3942 582 3985 diuise
601 3942 654 3985 Sill.
