2834 4630
286 311 349 376 238

286 465 394 510 crearet.
431 459 499 504 Finis
516 455 663 517 significetur
680 457 776 517 deinum
792 471 815 506 v.
831 455 873 503 72.
892 471 930 504 cv.
951 457 1015 504 unde
1033 461 1122 506 aleret.
1160 461 1230 509 Totis
1242 478 1289 511 nu.

285 534 358 579 dibus
375 544 461 576 rursus
479 544 523 585 pro
552 529 702 583 „omnibus;
727 528 975 574 innumerubilibus.”
1002 529 1055 575 cn.
1074 531 1172 591 Virgilii
1191 534 1236 580 Ge.
1258 535 1290 590 1,

286 601 352 649 ³22:
380 602 530 647 immensum
556 599 625 643 coelo
651 598 717 642 uenit
733 611 827 657 agmen
843 613 967 658 cqnurum
985 624 995 635 ·
1014 624 1024 635 -
1042 596 1163 645 collectae
1180 618 1214 647 ex
1237 607 1291 649 ulto

284 673 372 719 nubes.
393 669 492 728 (Ruptie
511 671 562 715 vult
583 666 690 727 Rigler.)
710 666 809 712 Vernus
834 669 933 733 debetur
946 669 1060 719 Pithoeo.
1103 671 1170 716 Idem
1188 676 1290 719 coniecit

281 744 362 808 fluxit
380 743 462 786 almce
488 738 654 784 confirmatum
679 752 694 781 e
724 738 785 782 Cod.
806 739 892 784 Setina
928 741 1007 787 Prnve
1025 740 1098 798 igitur
1121 749 1218 800 egeret,
1248 745 1290 801 qui

283 817 377 873 legeret
397 825 451 856 cuun
468 809 552 865 Lipsio
569 807 661 870 fluxus
678 809 761 851 ulmae
776 821 816 862 c.,
844 811 881 854 vel
897 822 952 856 cunr
966 808 1081 857 Moebioi
1095 809 1190 873 fluxus
1206 815 1290 858 denae

283 890 323 929 eet
340 897 363 928 c.
399 878 455 939 (62)
466 876 543 939 setus
556 879 622 927 Pith.
642 876 678 935 (ls
697 880 808 933 scripsit:
830 875 860 922 tle
876 878 943 932 (cuin
958 896 1002 927 suo
1015 876 1091 937 Cod.)
1100 877 1289 938 setueirnms'x·

283 951 348 1009 tue.)
384 948 612 1009 (66)1tigien:-
629 946 746 993 Persium
767 948 810 991 eui
828 953 912 992 tenore
927 950 1047 997 seminali
1066 950 1202 996 tramitem.
1238 954 1287 997 Sed

283 1025 344 1069 lnnnc
359 1023 423 1067 coni.
447 1021 485 1066 rix
500 1019 669 1064 admittendam
686 1030 739 1063 esse
763 1018 910 1063 demonstret
932 1022 1001 1066 docte
1022 1018 1128 1064 schulzii
1146 1023 1287 1067 annotatio:

283 1092 387 1150 „Tener
405 1096 442 1138 est
460 1092 502 1136 ille
519 1094 648 1146 perpetuus
666 1100 797 1143 corporum
812 1088 837 1132 in
855 1103 958 1145 corpore
976 1093 1094 1137 decursus
1109 1095 1134 1134 et
1149 1105 1287 1150 regressus,

282 1157 392 1224 ἀέναος
408 1153 465 1226 ὕλη
476 1192 483 1216 ,
509 1174 556 1218 quo
572 1163 656 1204 cuncte
674 1155 818 1203 efficiuntur.
855 1157 983 1205 Censorini
1004 1161 1038 1220 (s.
1057 1161 1137 1216 potius
1152 1148 1271 1216 Anonymi
1279 1193 1291 1215 ,.

282 1234 323 1292 qui
335 1232 470 1278 Censorino
483 1232 546 1276 solet
559 1228 670 1287 subiungi
679 1225 700 1284 z)
712 1228 810 1286 Fregm.
829 1225 901 1286 (Cep.
921 1230 941 1278 l.
959 1244 984 1286 p.
1006 1226 1066 1275 146.
1084 1230 1131 1274 Ed.
1145 1230 1286 1290 cantabrig.

284 1300 373 1360 1695.)
415 1301 494 1347 Initia
517 1312 603 1343 rerum
628 1297 715 1343 ecdem
741 1299 864 1343 elementa
880 1305 906 1345 et
926 1300 1058 1359 principia
1075 1297 1204 1347 dicuntur.
1247 1299 1288 1345 Ea

281 1373 362 1419 Stoici
383 1370 490 1416 credunt
507 1375 615 1415 tenorem
631 1374 704 1427 aeque
722 1369 867 1413 materiam.
910 1370 1046 1425 'sonorem
1065 1369 1122 1428 qui,
1143 1376 1288 1416 rarescente

282 1443 409 1497 materia,
440 1455 456 1485 a
473 1438 554 1484 medio
574 1437 660 1483 tendat
675 1436 711 1482 cd
727 1451 872 1494 summum
895 1438 982 1485 eudem
1002 1446 1177 1485 concrescente
1195 1454 1288 1485 rureue

281 1528 299 1558 a
315 1526 412 1558 summo
423 1508 551 1571 reseratur
561 1507 596 1554 cd
613 1505 748 1553 medium.”
782 1507 847 1553 Haec
864 1509 916 1554 ille.
938 1510 1088 1566 interpretor
1109 1510 1200 1569 igitur:
1220 1512 1290 1566 „lpse

281 1585 320 1629 sui
342 1588 451 1627 tenorem
468 1579 576 1637 pervium
596 1593 640 1635 per
655 1579 749 1623 caelum
774 1581 866 1623 terrum
888 1592 955 1625 mure
973 1580 1060 1625 imbuit
1079 1580 1171 1625 semine
1186 1580 1285 1639 genitali

282 1652 363 1698 omniu
379 1656 519 1708 penetrante
536 1664 579 1705 ec,
608 1649 682 1693 veluti
699 1648 796 1693 tremite
813 1648 892 1703 fecto,
922 1650 941 1695 i.
962 1665 985 1696 e.
1004 1650 1069 1695 incili
1087 1663 1163 1704 opere
1189 1664 1288 1705 percur-

280 1728 367 1777 rente,
388 1723 448 1768 unde
464 1720 544 1765 omniu
558 1732 712 1778 quaecuuque
731 1718 821 1772 vivunt,
841 1721 871 1763 ed
888 1724 969 1764 ortum
985 1718 1152 1776 perveniunt.”
1187 1720 1286 1764 Schulze

281 1798 365 1839 contre
383 1806 421 1836 rr.
440 1791 560 1837 seminali
576 1789 676 1834 tremite
694 1787 785 1833 imtuit
801 1788 837 1833 sic
855 1790 972 1844 explicet:
1003 1784 1161 1847 „assuefecit
1174 1803 1216 1835 res
1235 1791 1288 1833 viee

280 1862 431 1923 genitureel'
465 1859 644 1906 Imbuittemen
658 1859 736 1918 megis
747 1859 847 1913 proprio
860 1858 994 1918 significatu
1009 1860 1173 1915 accipiendum
1184 1860 1286 1913 videtur,

280 1934 393 1989 aspersit,
404 1931 539 1977 madefecit.
549 1931 636 1976 Potest
644 1942 698 1974 esse
708 1929 780 1973 etiam
790 1933 882 1985 tempus
888 1943 1013 1985 praesens,
1027 1930 1072 1974 etsi
1081 1929 1159 1974 iussit
1169 1927 1287 1988 (nor-istus

279 2005 361 2060 potius
370 2016 441 2059 quem
449 2000 589 2057 perfectum)
596 1998 751 2058 subsequitur
758 2009 767 2053 3
775 2003 800 2043 et
808 2000 854 2043 hoc
864 2000 958 2058 quidem
967 2000 1089 2056 praefero,
1097 2004 1123 2042 nt
1131 2000 1164 2042 sit
1171 2012 1287 2054 praesens
1377 2018 1378 2045 l

278 2079 381 2128 tempus.
401 2069 455 2129 (69)
470 2067 588 2130 Penates]
600 2083 655 2116 cum
666 2070 772 2129 seced,
788 2069 938 2124 Bouhierio,
958 2069 1033 2115 Genu.
1043 2082 1126 2114 veram
1134 2069 1195 2113 tione
1207 2070 1286 2113 iudico
1377 2058 1378 2097 l

279 2144 358 2188 ltiviui
384 2143 474 2198 suspic.
511 2140 573 2186 Nem
590 2146 615 2188 et
634 2153 677 2196 per
699 2153 725 2183 se
743 2145 845 2197 nepotes
862 2141 900 2184 vel
917 2141 941 2185 in
957 2140 1003 2185 hoc
1022 2142 1201 2195 pectenatum
1217 2144 1283 2182 eute-
1377 2182 1378 2199 q

280 2213 366 2259 cedere
387 2227 434 2257 uon
453 2210 586 2268 debebunt3
607 2216 631 2255 et
651 2211 714 2254 solet
730 2209 852 2265 corrumpi
871 2208 901 2253 ab
919 2209 1039 2266 imperitis
1058 2207 1145 2253 scribis
1163 2222 1187 2252 v.
1206 2207 1285 2253 Pena-

278 2290 317 2329 tes
340 2283 414 2328 veluti
438 2284 462 2328 iu
487 2281 565 2327 Taciti
591 2279 663 2324 Dial.
686 2278 716 2323 de
742 2279 826 2325 Oratt.
850 2279 910 2335 Cep.
932 2277 956 2324 8.
982 2293 1039 2324 veno
1055 2279 1126 2324 lectio
1150 2279 1284 2341 angustiae

273 2360 397 2412 penatum
413 2354 502 2397 mirum
520 2352 544 2395 in
562 2353 660 2396 modum
677 2355 762 2394 vexate
780 2354 817 2396 est
833 2342 875 2410 (a.
891 2352 1017 2410 ereptum,
1047 2363 1073 2393 a.
1088 2354 1239 2405 parentum,
1259 2361 1282 2390 a.

278 2424 374 2478 rerum)
399 2428 424 2467 et
445 2422 596 2478 corruptelae
615 2420 742 2478 vestigium
759 2424 838 2465 exsut
854 2419 878 2464 in
897 2419 958 2464 Cod.
977 2419 1064 2464 Ptin:
1085 2441 1118 2452 —
1136 2431 1180 2461 nec
1198 2423 1281 2476 poteo.

278 2493 335 2551 (72)
352 2490 495 2551 Romuleae]
513 2488 643 2548 penultima
661 2492 746 2548 longa,
766 2504 822 2536 seue
841 2491 892 2534 sine
911 2490 1036 2547 exemplo;
1056 2502 1099 2533 uec
1116 2488 1216 2543 probari
1234 2492 1285 2543 pot-

277 2571 314 2610 est
332 2565 408 2621 Lipsii
425 2562 586 2608 Romulaeae.
622 2562 714 2605 Verum
731 2562 803 2615 vidit,
823 2559 847 2603 ni
865 2561 936 2604 tullos·
954 2559 1049 2620 ,ltigler
1066 2570 1221 2614 proponens:
1241 2556 1285 2601 llo-

277 2635 407 2688 mulares,
434 2630 513 2677 ios-md
530 2637 586 2676 tuuc
608 2631 724 2685 temporis
743 2630 853 2686 pluribus
872 2630 970 2675 usitate.
1018 2624 1211 2686 (l,3)1iamnee]
1231 2627 1283 2671 Sel·
1376 2662 1377 2665 ,

276 2718 340 2749 mes.
376 2701 431 2760 (ll)
449 2703 523 2747 Recte
538 2700 635 2755 Lipsius
655 2700 715 2743 huec
733 2700 766 2744 itu
783 2700 935 2746 emendetit:
951 2712 1047 2759 proque
1062 2698 1135 2756 prole
1149 2694 1283 2754 posterum

276 2773 376 2819 Romuli
396 2778 510 2831 patrem,
538 2784 583 2826 pro
612 2770 735 2826 utriusque
758 2769 804 2814 Cd.
835 2770 955 2825 scripture
978 2774 1094 2814 matrem.
1130 2765 1233 2824 „Quid?
1256 2781 1284 2810 au

278 2859 308 2889 er
325 2845 414 2897 nuptiis
442 2842 587 2887 Sabinorum
605 2852 659 2884 cum
677 2838 791 2883 Romanis
811 2845 892 2885 creata
906 2844 983 2883 meter
1001 2837 1099 2883 Romuli
1112 2834 1145 2881 ?'’
1162 2837 1231 2893 Lips.
1254 2856 1282 2869 ·-

273 2927 324 2973 pro
344 2908 474 2971 posterum
495 2909 596 2955 Romuli
617 2910 719 2953 salute:
743 2915 819 2968 pater
833 2909 864 2954 D.
888 2910 981 2963 lulius,
1006 2921 1084 2967 nepos
1100 2907 1132 2951 D.
1150 2906 1283 2966 Augustus.

277 2987 318 3030 Sic
343 2991 367 3029 et
394 2983 452 3029 olibi
476 2981 620 3027 Octavianus
647 2979 762 3024 Gesseris
788 2993 864 3035 nepos
890 2979 1033 3035 appelletur.
1069 2977 1172 3033 Eutrop.
1197 2974 1228 3030 7,
1261 2976 1283 3023 i.

277 3056 388 3103 Schulze.
414 3050 459 3111 (-
483 3050 574 3096 matris
596 3054 697 3093 crearet
721 3055 744 3093 te
771 3055 884 3108 nepotem
906 3045 1057 3104 Gaesarem3
1084 3042 1182 3102 Moeb.)
1218 3047 1281 3104 Quo.

276 3125 349 3169 modo
374 3127 468 3176 nutem,
497 3122 604 3177 inspecte
622 3119 736 3175 Lipsiunn
759 3121 801 3165 illu
819 3120 1018 3178 interrogatione,
1037 3131 1113 3174 nuper
1131 3131 1224 3174 quoque
1244 3118 1283 3160 de·
1376 3098 1377 3147 Ῐ

276 3194 342 3239 feudi
366 3193 472 3250 potuerit
500 3192 571 3236 lectio
596 3195 717 3244 matrem,
748 3191 857 3248 equidem
883 3203 930 3234 nou
954 3189 1078 3246 intelligo:
1109 3201 1165 3232 uem
1193 3198 1236 3230 uec
1254 3188 1281 3231 de
1376 3216 1377 3233 i

273 3265 327 3309 lieu
345 3264 421 3308 Siluio
438 3262 579 3323 nccqquod
597 3260 700 3306 Crusius
718 3261 808 3315 voluit,
837 3261 865 3304 de
883 3259 951 3305 Lirin
969 3272 991 3303 s.
1028 3258 1090 3303 lulie
1107 3256 1216 3316 Anguste
1241 3269 1280 3300 ex-

274 3334 360 3390 plicari
379 3338 459 3390 potest
476 3346 499 3376 v.
518 3336 609 3376 mater.
657 3329 722 3374 Nihil
742 3331 840 3374 omuino
857 3330 973 3386 impedit,
998 3341 1045 3385 quo
1063 3327 1142 3372 miuus
1161 3329 1232 3383 pod'tu
1248 3325 1279 3368 D.

275 3405 363 3448 lulium
382 3409 406 3448 et
421 3403 452 3450 D.
472 3402 620 3461 Augustum,
640 3414 742 3458 quorum
758 3401 863 3445 fortusse
882 3400 955 3445 etiem
973 3403 1028 3442 tuuc
1046 3399 1123 3442 cultus
1140 3399 1203 3442 inter
1221 3395 1279 3439 XX.

275 3476 351 3520 Divos
369 3474 464 3533 vigebat
474 3502 495 3527 ,·
510 3477 575 3517 cente
593 3473 698 3516 nondum
716 3471 740 3516 iu
759 3471 905 3515 oblivionem
923 3468 1032 3522 abierut,
1058 3472 1178 3524 tamquam
1195 3463 1280 3526 Pqpuli

275 3545 377 3589 Romani
396 3544 487 3589 Genios
505 3544 622 3588 tutelares
639 3535 678 3585 hie
695 3539 846 3600 significarit.
895 3534 956 3601 (le)
974 3538 1036 3582 Cum
1052 3537 1171 3590 pithoeo,
1200 3536 1281 3580 Schul-

275 3617 315 3659 zio
318 3646 330 3683 p
350 3616 382 3659 V.
401 3614 433 3658 D.
452 3615 476 3657 iu
494 3612 565 3658 Auel.
591 3610 675 3656 Wolfii
693 3612 807 3657 distinxi:
839 3607 930 3663 Hunc,
950 3621 1015 3669 ager
1033 3621 1108 3667 quum
1121 3606 1280 3664 parturiret,

237 3706 241 3713 ·
275 3687 357 3744 ipsu:
374 3675 483 3748 xllqea}
501 3685 563 3727 enim
581 3683 713 3740 requiritur
730 3683 755 3727 in
774 3680 941 3739 sequentibus,
961 3693 1008 3723 non
1026 3671 1189 3726 durtieres.
1225 3676 1279 3719 Ple·

274 3757 344 3814 riqne
363 3768 417 3800 cum
434 3754 532 3809 Lipsio:
552 3751 626 3798 Hunc
641 3765 720 3812 ager,
740 3765 815 3811 quum
828 3750 972 3808 parturiret
988 3750 1060 3807 epea,
1080 3746 1192 3805 suscepit
1211 3746 1278 3799 sinu.

276 3825 366 3886 „Ager
385 3839 459 3886 quum
474 3824 617 3882 parturiret
635 3824 698 3866 idem
716 3828 754 3866 est
771 3837 799 3866 ec
816 3834 909 3877 ‚,verno
922 3825 1028 3875 tempore
1036 3820 1060 3872 ''‚
1080 3822 1104 3863 et
1120 3818 1180 3862 sinu
1196 3828 1278 3860 suece-

274 3898 313 3954 pit
341 3896 466 3952 aptissime
490 3894 535 3940 dici
562 3898 643 3949 potest
665 3894 694 3936 de
721 3894 792 3937 modo
817 3892 879 3936 nutis
902 3890 1006 3944 liberis,
1037 3889 1076 3946 qui
1102 3889 1154 3935 siun
1172 3886 1279 3932 foventur

275 3974 345 4029 atque
364 3966 485 4013 ciuntur.‘’
522 3964 633 4010 schulze.
670 3960 726 4018 (81)
744 3963 875 4022 explicant
892 3958 971 4023 tauri]
996 3962 1098 4006 Selenes.
1135 3958 1208 4015 (Mire
1228 3968 1279 4002 cor·
