2870 4626
296 466 423 528 Vexata
444 462 545 528 sacris
567 464 655 527 navis
668 461 934 546 tempestatibus,

255 569 342 632 Inter
366 577 528 631 vectorum
549 565 694 629 lacrimas
717 578 748 629 et
769 565 881 630 mortis
902 577 1034 640 metum,
1075 555 1077 558 ’

161 656 165 667 ¹
254 660 386 733 Faciem*
404 673 443 732 ad
463 690 602 732 serenam
624 668 789 732 subitout
809 656 947 731 mutatur
964 668 1053 742 dies,
1155 692 1160 696 ’
1226 672 1283 734 5·

254 771 348 835 Ferri
370 771 513 861 secundis
536 782 602 834 tuta
625 770 730 852 coepit
751 770 878 833 flatibus

253 874 420 957 Nimiaque
442 884 556 936 nautas·
571 872 728 935 hilaritate
750 873 917 936 extollere.

253 979 371 1042 Faetus
392 976 511 1058 periclo
533 987 597 1038 tum
621 977 816 1058 gubernator
837 978 978 1057 sophus:

187 1126 189 1132 ·
254 1082 357 1159 Parce
379 1082 515 1164 gaudere
537 1070 666 1159 oportet
687 1087 718 1140 et
739 1078 852 1142 sensim
875 1076 984 1162 queri,

256 1185 370 1248 Totam
394 1182 466 1268 quia
486 1168 581 1246 vitam
603 1182 713 1245 miscet
734 1181 828 1245 dolor
850 1192 882 1244 et
903 1180 1062 1265 gaudium.
1203 1185 1247 1246 10

567 1440 570 1447 .
613 1400 726 1461 ‚trum
753 1399 866 1462 xviii]

428 1525 594 1617 cauum
615 1551 792 1623 uncam
813 1548 878 1614 An
899 1549 1070 1615 lovum,

263 1748 266 1754 ,
296 1691 400 1758 Canes
421 1693 545 1777 legatos
567 1690 641 1754 olim
663 1668 774 1754 misere
796 1688 985 1766 allevem,

254 1795 402 1861 Melioris
424 1795 507 1859 vitae
528 1806 650 1876 tempus
672 1805 796 1856 oratum
818 1814 910 1869 suae,

256 1901 301 1965 Ut
321 1912 393 1962 sese
410 1899 547 1981 eriperet
567 1896 727 1961 homiuum
750 1894 965 1973 contumeliis,

174 2054 177 2069 .
255 2001 445 2067 Furfuribus
468 1999 528 2063 sibi
550 2019 754 2082 conspersum
776 2001 862 2083 quod
882 2019 996 2080 panem
1018 2001 1127 2063 darem

254 2104 411 2187 Fimoque
433 2103 517 2185 turpi
535 2102 701 2165 'maximam
723 2102 890 2183 explerent
909 2102 1037 2166 famem.
1216 2105 1245 2179 75
1278 2126 1282 2140 ·

254 2205 401 2271 Profecti
421 2217 492 2269 sunt
512 2205 610 2289 legati
631 2226 693 2269 non
716 2203 812 2268 celeri
833 2206 930 2286 pede,

254 2308 339 2374 Dum
361 2308 487 2370 naribus
506 2319 685 2370 scrutantur
707 2326 811 2370 escam
833 2306 863 2369 in
886 2319 1042 2371 stercore.

256 2409 354 2476 Citati
375 2433 437 2474 non
459 2413 666 2492 respondent.
709 2409 778 2472 Vix
799 2412 922 2472 tandem
943 2409 1062 2473 invenit

239 2515 323 2578 -Eos
345 2499 526 2577 Mercurius
548 2522 580 2574 et
600 2513 744 2575 turbatos
766 2512 914 2575 adtrahit.

253 2619 339 2679 -Tum
361 2637 439 2679 vero
464 2615 582 2677 vultum
605 2615 711 2697 magni
731 2627 766 2677 ut
790 2615 934 2697 viderunt
956 2615 1064 2694 Iovis,
1203 2619 1247 2680 10

256 2721 372 2783 Totam
393 2717 535 2780 timentes
558 2729 770 2779 concacarunt
790 2719 931 2803 regiam,

209 2896 212 2900 Α
255 2818 407 2903 Propulsi
429 2839 509 2883 vero
531 2818 665 2882 lustihus
687 2822 805 2883 vadunt
825 2805 928 2884 foras.
991 2813 996 2819 ⁸

306 3070 365 3114 Fra.
385 3068 466 3116 xvn.
502 3065 542 3126 (2)
561 3092 594 3102 -
611 3067 760 3114 consulendi
776 3071 807 3115 P.
825 3072 857 3116 u.
893 3068 931 3129 (3)
949 3090 982 3104 -
999 3071 1057 3116 nori
1072 3043 1190 3128 Ehrerpt'a
1202 3074 1244 3117 ut-

254 3141 319 3199 galtii
341 3139 401 3195 apud
420 3139 578 3183 Schwabium.
599 3138 644 3184 Sed
661 3139 691 3183 P.
710 3140 739 3184 ll.
759 3154 783 3196 p.
803 3140 841 3198 (ut
857 3142 882 3184 S.
901 3143 947 3185 Ed.
965 3138 1016 3197 2.):
1036 3142 1116 3186 navis.
1145 3140 1182 3198 (5)
1200 3156 1242 3188 au·

254 3210 303 3254 etro
330 3214 356 3253 ut
384 3205 505 3266 mutatur]
530 3209 647 3265 Bongars.
673 3207 734 3253 Gud.
762 3210 844 3258 Heius.
874 3211 899 3254 S.
930 3234 963 3244 -
995 3224 1043 3256 om.
1074 3215 1101 3255 ut
1116 3212 1144 3258 P.
1167 3213 1196 3256 ll.
1216 3225 1241 3266 p.
1328 3238 1332 3245 =

255 3278 291 3333 (ὃ)
308 3275 413 3336 periclo]
431 3280 548 3337 Bougars.
571 3280 597 3322 S.
625 3301 658 3311 -·
683 3279 797 3337 periculo
815 3294 840 3335 p.
882 3280 943 3335 (Boc
958 3281 1065 3328 Sehwab.
1085 3281 1170 3326 tribuit
1192 3283 1242 3326 Ms.

253 3349 394 3404 Perottino,
414 3349 437 3392 iu
461 3363 507 3406 quo
523 3337 684 3395 haecfatella
706 3363 752 3393 uon
770 3346 868 3406 exstat.)
886 3374 918 3384 -·
934 3351 1047 3407 periculo
1065 3352 1105 3395 ei·
1122 3352 1196 3397 druse
1211 3352 1242 3394 ll.

255 3433 308 3462 cum
331 3419 373 3463 lin.
399 3431 471 3472 supra
496 3418 543 3463 aia.
558 3428 604 3451 ‘—
626 3417 779 3476 periculosis
807 3420 905 3464 iunctim
938 3421 968 3465 P.
992 3421 1091 3464 Fuitne:
1116 3419 1246 3479 periclis?

234 3482 336 3543 (ΗΜ.)
356 3496 387 3530 =
406 3485 497 3551 sophor
517 3500 541 3547 g.
561 3487 617 3542 (uon
633 3489 723 3533 notavit
738 3490 821 3544 Viae.)
856 3487 910 3547 (10)
929 3489 1017 3535 Totum
1035 3485 1104 3548 quio]
1124 3504 1147 3545 p.
1171 3488 1244 3534 S.'-

254 3562 375 3615 totamque
393 3571 416 3616 g.
437 3559 510 3602 Salm.
532 3578 561 3589 -
580 3561 654 3600 totum
669 3571 730 3616 quae
748 3558 784 3613 (ut
800 3573 870 3615 saepe
887 3574 949 3618 praee
966 3573 1010 3614 pro
1028 3558 1083 3618 que)
1101 3559 1131 3607 P.

307 3627 365 3671 Fun.
386 3627 478 3671 ΗΠ).
527 3621 642 3670 ΟΑΝΠΜ
664 3625 802 3688 LEGATI]
826 3643 849 3684 p.
874 3629 900 3673 S.
922 3650 950 3661 -
970 3626 1075 3673 cultus
1091 3627 1246 3675 LEGATOS

255 3698 285 3742 P.
304 3696 334 3740 R.
371 3693 409 3754 (2)
425 3717 454 3728 ·-
474 3695 579 3738 meliora
597 3696 659 3739 vitae
675 3701 785 3757 temporo
804 3700 885 3742 llrsiu.
905 3700 972 3745 Brut.
1007 3695 1046 3755 (l)
1065 3694 1102 3757 ut]
1119 3700 1201 3743 Burin.
1216 3700 1243 3742 S.
1286 3687 1293 3697 .

254 3784 287 3808 u-
304 3765 341 3810 uta'
358 3766 387 3810 P.
407 3779 431 3820 p.
451 3765 495 3820 (Dc
508 3766 538 3808 R.
559 3778 606 3809 non
627 3766 684 3809 satis
709 3768 820 3823 conant.)
855 3765 940 3823 (ibid.)
958 3766 1076 3826 eriperet]
1094 3768 1156 3814 Gud.
1174 3771 1199 3812 S.
1213 3789 1243 3800 -·

255 3835 381 3893 abriperet
398 3836 428 3881 P.
445 3835 474 3882 tt.
493 3834 562 3890 (teste
580 3835 661 3890 Vino.)
678 3847 703 3890 p.
725 3859 753 3869 -
774 3838 884 3895 eriperet
898 3838 928 3891 ll.
948 3836 1018 3895 (teste
1039 3836 1114 3892 Gud.)
1155 3836 1192 3896 (l)
1212 3861 1245 3872 -

248 3903 397 3965 fusoribus
416 3905 446 3950 P.
466 3905 498 3949 ll.
543 3902 630 3962 (thiu.)
644 3904 819 3967 [compererim]
843 3909 868 3955 S.
889 3928 917 3940 -
937 3920 1101 3965 comper-rum
1117 3909 1147 3955 P.
1167 3908 1196 3951 ll.
1219 3921 1245 3962 p.

256 3975 339 4033 (thid.)
357 3972 456 4036 clarem]
473 3988 497 4031 p.
517 3976 543 4021 S.
566 3996 594 4008 -
614 3973 687 4022 daret
703 3977 778 4029 Μ).
821 3974 878 4037 (ll)
896 3975 995 4037 Mirati]
1014 3991 1038 4035 p.
1058 3978 1084 4022 S.
1104 4002 1136 4019 -.-
1154 3976 1247 4028 adteri
