2834 4630
265 322 305 385 26

263 464 308 527 Et
329 461 383 525 ille
404 461 507 524 laesus
528 458 636 523 multis
656 478 750 542 saepe
767 456 894 524 iniuriis

264 569 388 629 Temen
408 564 579 647 praeberet
600 584 668 627 sese
689 561 818 627 facilem
842 559 984 637 mulieri,

264 667 319 732 Sic
341 667 542 732 insidiatrix:
569 666 688 732 Omnes
708 664 892 730 muneribus
910 666 988 730 lieet

264 771 484 846 Contendant,
509 792 571 855 ego
595 780 627 833 te
646 769 777 853 plurimi
799 769 886 833 facio
906 781 1023 833 tamen.
1161 779 1171 784 “
1232 773 1253 836 5

264 874 392 947 Iuvenis
412 870 756 959 recordaus'qnotiens
779 876 930 955 deceptus
952 874 1058 937 foret:
1143 921 1152 935 .

263 979 448 1054 Lubenter‚
472 976 591 1062 inquit,
616 970 683 1039 mea
704 976 778 1052 lux,
801 978 884 1039 hano
906 999 1019 1040 vocem
1043 976 1159 1053 audi0,·

264 1083 341 1152 Non
363 1083 452 1167 quod
470 1080 594 1155 fidelis,
618 1083 674 1153 sed
696 1082 782 1165 quod
807 1081 942 1143 iucunda
963 1091 1010 1142 est
1032 1079 1121 1145 mihi.

640 1308 738 1368 [ruo.
760 1308 872 1369 xxm]

675 1431 831 1497 FIBER.

223 1628 228 1635 s
281 1573 371 1625 Mutet
392 1575 539 1637 viverent,
559 1576 585 1623 st
601 1570 703 1625 salutis
721 1576 822 1640 gratia
835 1574 1070 1641 parvifacerrnt
1079 1567 1232 1640 fortunas.

306 1701 411 1768 Canes
433 1703 576 1786 effugere
597 1686 693 1787 quum
714 1700 777 1765 iam
800 1722 867 1764 non
887 1699 991 1783 possit
1012 1700 1111 1777 fiber,

201 1803 206 1812 ’
262 1802 402 1888 (Graeoi
421 1804 574 1889 loquaces
597 1827 690 1889 quem
710 1803 861 1868 dixerunt
880 1814 1038 1869 castorem

232 1909 234 1912 ⁴
262 1910 307 1973 Et
325 1907 508 1972 indiderunt
527 1907 648 1974 bestiae
670 1910 786 1971 nomen
807 1905 875 1983 dei,

260 2010 331 2087 Illi,
354 2009 410 2097 qni
429 2010 547 2089 iti-etant
568 2032 602 2074 se
623 2013 798 2074 verborum
820 2008 957 2093 copiae)

260 2113 425 2197 Abripere
447 2134 558 2177 morsu
577 2114 682 2178 fertur
701 2112 867 2178 testiculos
886 2110 966 2188 sni,

262 2216 347 2298 Quia
364 2227 501 2300 propter
521 2217 596 2282 illos
617 2216 731 2281 sentiet
751 2240 819 2282 sese
838 2217 918 2300 peti.

259 2319 381 2387 Divina
401 2323 489 2407 quod
509 2320 634 2385 ratione
654 2321 729 2385 fieri
750 2344 816 2386 non
835 2343 969 2406 negem:

261 2424 411 2489 Venator
432 2446 567 2511 namque
591 2423 683 2487 simul
699 2424 823 2489 invenit
842 2424 1034 2502 remedium,

201 2540 205 2547 ”
261 2526 392 2593 Omittit
410 2526 515 2610 ipsum
534 2527 686 2614 persequi
709 2540 741 2593 et
760 2540 858 2593 vocat
881 2534 986 2593 renus.
1115 2610 1119 2618 Ι

230 2642 234 2649 ‘
260 2627 339 2693 Hoe
362 2629 389 2694 si
413 2640 577 2713 praestare
599 2643 731 2713 possent
752 2630 914 2706 homines,
939 2644 974 2697 ut
998 2655 1056 2701 suo
1137 2640 1139 2647 ’

260 2732 392 2796 Vellent
409 2754 534 2821 carere,
557 2733 617 2795 tuti
636 2736 776 2816 posthae
797 2735 964 2813 viverent3

259 2837 357 2900 Haud
378 2833 545 2922 quisquam
564 2834 694 2900 insidias
717 2839 802 2901 nudo
823 2836 947 2909 faceret
970 2840 1118 2927 corpori.

577 3018 583 3045 l

643 3065 741 3128 [run.
767 3069 868 3129 xxm]

513 3190 708 3257 PAPILIO
730 3192 793 3254 ET
816 3193 983 3258 VESPA.

257 3328 325 3383 Non
332 3336 535 3402 praeteritam,
557 3331 608 3382 sed
615 3339 794 3404 praesentem
811 3333 999 3404 aspiciendam
1014 3351 1074 3387 esse
1078 3333 1249 3408 fortunam,

300 3460 428 3544 Papilio
447 3465 590 3546 Vespam
602 3463 881 3546 'praetervolitans
902 3462 1048 3540 videram

259 3566 290 3629 Ο
312 3575 432 3629 sortem
454 3563 613 3652 iniquam!
639 3569 712 3629 dum
726 3565 887 3631 ¹vivebant
906 3590 1065 3652 corpora,

308 3848 368 3892 Fre.
383 3846 481 3892 XXIX.
518 3844 559 3906 (l)
576 3847 721 3908 iactanter]
735 3853 790 3895 Vat.
805 3875 838 3885 -
855 3815 989 3898 reiectant
1000 3853 1075 3909 Neep.
1111 3847 1155 3915 (6)
1173 3852 1243 3914 me}

256 3916 326 3962 te.
347 3918 377 3961 z.
397 3918 638 3975 -eevmtteup,
672 3917 897 3979 (10)eno]Neup.
918 3924 1082 3969 -rrr'vut
1119 3920 1242 3982 (11)σά-

256 4001 327 4042 rm,
347 3984 404 4046 tuti]
423 3988 490 4033 1.Ζ.
511 4002 650 4034 -curere
669 3991 706 4035 nti
722 3992 779 4036 vet.
798 4011 832 4027 -
849 3998 949 4038 cureret
965 3995 1003 4038 nti
1021 3992 1097 4049 Nerp.
