2864 4622
152 461 269 523 Novus
293 455 424 520 meritus
447 456 585 542 coniuge
608 457 718 520 amissa
735 458 841 523 dolet.

153 561 240 642 Quid
262 572 347 624 esset
368 566 471 623 actum
494 572 663 644 postquam
685 562 808 647 pupulo
831 561 990 637 innotuit,

78 732 81 747 ,
152 666 274 730 Omnes
295 663 441 730 favorem
465 666 718 746 comprobarunt
740 663 898 727 caelitum.

553 910 650 971 [suu.
671 912 759 974 xvi]

395 1081 605 1146 AESOPUS
629 1082 691 1144 ET
714 1081 919 1149 DOMINA.

320 1245 434 1325 Quam
455 1252 575 1303 noceat
600 1262 702 1324 saepe
723 1263 842 1307 uerum
862 1243 990 1308 dicere.

195 1381 346 1463 Aesopus
367 1377 454 1463 ¹turpi
476 1403 573 1465 quum
596 1380 733 1457 serviret
754 1382 910 1461 feminae,
955 1410 957 1413 ·

107 1472 108 1479 ¹
152 1486 243 1567 Qttae
266 1507 300 1548 se
322 1484 527 1570 expingendo
549 1497 653 1549 totum
673 1485 844 1549 intricabat
865 1489 912 1550 d.
931 1532 940 1551 .
959 1533 988 1564 .,

149 1590 320 1664 †Vestes,
344 1587 499 1664 uniones,
513 1609 653 1665 *aurum
679 1602 844 1674 argentum
868 1611 963 1655 sum.
982 1634 991 1653 .
1011 1634 1020 1655 .
1039 1634 1073 1667 .‚

151 1694 222 1756 Nec
243 1690 401 1754 inveniret
423 1692 524 1776 digito
548 1692 602 1775 qui
624 1712 658 1754 sc
681 1703 848 1777 tangeret,

150 1795 285 1859 Licetne
305 1793 440 1876 paucis?
460 1794 573 1878 inquit.
616 1794 725 1860 Dicas.
770 1794 945 1870 Censeo,'
1094 1796 1097 1800 ’
1141 1797 1160 1862 5

150 1897 286 1979 Quidvis
310 1896 444 1973 efficies,
468 1899 586 1961 cultum
612 1897 639 1960 si
661 1899 862 1980 deposueris.

150 2002 285 2066 Adeone
306 2022 366 2083 per
388 2022 438 2062 me
461 2000 574 2064 videor
596 1998 655 2063 tibi
677 2001 884 2065 meliuscula?

149 2105 238 2181 Ino,
262 2102 322 2166 nisi
345 2103 489 2180 dederis,
514 2107 636 2186 sponda
659 2105 829 2178 †cessltvit
851 2117 920 2169 tua.

150 2210 197 2273 At
218 2228 282 2271 non
304 2207 474 2268 cessabunt
495 2207 618 2283 latera,
644 2207 827 2287 respoudit,
851 2218 923 2283 tna3

151 2312 195 2374 Et
217 2309 384 2394 obiurgari
404 2308 495 2371 iussit
517 2331 644 2372 servum
669 2311 844 2393 garrulum.

151 2413 298 2491 †Peullo
319 2424 395 2495 pust
417 2412 570 2476 armillam
593 2413 678 2477 tollit
699 2427 899 2498 argenteam,

149 2517 287 2597 †Quatn
309 2537 373 2581 nou
396 2533 557 2598 apparere
577 2517 749 2579 ut·dietum
774 2530 822 2580 est
844 2504 986 2596 mulieri,

146 2621 312 2697 Effice
334 2619 431 2701 plena
453 2632 710 2683 vocat=.m.ss
732 2623 960 2685 adverb...

148 2723 218 2786 Pro
236 2721 336 2786 ..nit
358 2743 398 2807 gr
414 2766 594 2788 .......
611 2746 664 2786 um
686 2723 714 2787 si
737 2745 800 2787 non
823 2724 982 2789 dixerint:

149 2825 270 2920 †Aliis
292 2824 430 2902 minare,
456 2846 526 2911 .nq
543 2869 553 2890 .
571 2871 580 2890 .
599 2871 629 2903 .,
653 2848 703 2890 me
726 2849 790 2890 non
810 2828 897 2892 fellis
919 2840 1027 2893 certe:
1118 2829 1158 2892 15

149 2928 277 3014 Flagris
300 2949 368 2992 sum
392 2948 523 3006 caesus,
547 2950 658 2992 verum
681 2930 753 3016 quie
776 2930 843 2994 dixi
864 2935 976 2995 modo.

145 3157 207 3208 poet
223 3151 352 3196 armillum
372 3151 462 3196 tollunt
478 3157 627 3212 argenteum
646 3152 667 3196 1.
688 3152 716 3196 C.
733 3153 757 3195 iu
775 3152 821 3197 Ed.
842 3159 934 3210 quarta.
952 3172 987 3191 ι-
1006 3153 1072 3197 tollit
1090 3154 1157 3199 tec,

148 3223 172 3265 iu
184 3221 246 3267 Edd.
266 3222 398 3278 prioribus.
436 3223 495 3267 Hine
514 3223 544 3266 B.
565 3224 611 3268 Z.:
632 3246 664 3255 -
682 3221 816 3266 Armillum
834 3225 857 3267 is
870 3224 1030 3280 tollitpaullo
1038 3230 1099 3281 poet
1115 3239 1157 3267 or-

149 3296 285 3352 genteum:
303 3292 370 3349 quusi
386 3305 443 3337 vero
459 3292 499 3337 fur
513 3293 600 3337 fuisset
618 3293 744 3348 Aesopus,
767 3289 981 3352 Pbryx‘eopltue.
1019 3293 1154 3349 Corrupto-

147 3362 185 3406 luc
203 3367 284 3406 eutem
301 3375 385 3406 omnes
406 3368 473 3407 ortae
503 3368 557 3407 sunt
575 3376 605 3407 ex
623 3376 667 3416 eo,
693 3364 755 3420 quod
775 3363 919 3421 ignorabunt
947 3364 1042 3408 librarii
1070 3368 1157 3409 rectis-

148 3432 209 3476 sime
228 3433 289 3477 dici:
304 3437 365 3490 poet
377 3432 476 3501 paullo.
514 3430 569 3492 (12)
586 3442 627 3479 eso
641 3431 707 3476 Eum
726 3433 801 3501 1.Ζ.κ
831 3430 889 3491 (13)
907 3431 1003 3479 Furore
1020 3435 1098 3491 pleno
1117 3449 1157 3479 oo·

148 3507 294 3546 certamnen
317 3501 474 3546 ud'oerberu
492 3504 513 3546 l.
532 3512 571 3549 <no
586 3500 681 3546 Furore
696 3504 774 3561 pleno
794 3509 865 3547 uocat
880 3516 983 3558 omnes,
1005 3510 1029 3547 et
1047 3505 1153 3548 cerbere

148 3570 177 3616 G.
198 3572 228 3616 Z.
265 3567 325 3630 (13)
342 3581 380 3619 ω
397 3570 516 3631 Proponit
533 3573 624 3633 grauia
646 3585 730 3617 uerum
748 3574 769 3616 l.
788 3574 817 3618 C.
842 3575 872 3618 Z.
910 3572 967 3633 (15)
985 3575 1048 3619 Puto
1063 3575 1156 3624 fuissez
1185 3585 1190 3591 '

146 3639 214 3686 Attio
233 3642 347 3696 minure,
366 3642 463 3702 inqui&
483 3657 521 3686 me
534 3656 583 3687 riou
594 3639 695 3700 selles,
716 3641 787 3688 bera.
825 3637 998 3705 (Scribebuutt
1018 3659 1073 3699 eru,
1094 3649 1157 3703 quod

73 3726 76 3730 ·
146 3710 260 3781 fucillipne
282 3714 404 3768 corrumpi
433 3718 531 3769 poteret
551 3714 660 3767 inerte,
689 3719 771 3769 certe,
798 3715 901 3759 maxime
919 3722 974 3770 post
992 3717 1098 3760 litterum
1115 3711 1156 3777 e.)

146 3804 180 3814 -
198 3780 228 3826 A.
249 3794 282 3826 m.
303 3782 321 3826 ι’.
342 3796 380 3829 me
398 3796 425 3828 n.
446 3779 526 3843 felliu
555 3781 654 3842 quidem
678 3783 698 3828 l.
729 3808 762 3817 -
795 3783 861 3829 Auta
878 3785 907 3830 td
927 3785 1019 3848 inque!
1037 3798 1075 3827 me
1102 3799 1153 3829 non

140 3847 218 3909 sollis
237 3856 322 3906 ωηο(
352 3852 390 3909 uit
405 3854 435 3898 tt.
454 3874 489 3887 -
505 3852 572 3898 Alite
591 3854 708 3908 minure,·
737 3868 775 3901 me
796 3869 846 3900 non
859 3852 959 3915 sullis:
992 3859 1073 3909 certe,
1102 3855 1156 3908 nit,

146 3926 193 3965 cet.
214 3922 263 3980 Z.;
283 3935 343 3985 quoe
361 3924 440 3969 omniu
460 3929 515 3972 sunt
532 3928 642 3969 contorte
660 3930 684 3972 et
701 3925 798 3975 minime
817 3927 964 3982 probabilia.

194 4166 198 4174 “
239 4164 252 4189 Ι
