2864 4622
268 320 329 383 tto

210 454 213 460 ¹
265 461 319 538 S.)
342 458 397 522 clei
414 459 533 541 gratio
553 454 830 520 melundense
847 453 961 517 abbati
975 452 1135 516 Deennns
1151 465 1260 517 totus·
1307 474 1321 483 ·’

208 552 212 557 ’
263 584 329 649 pue
347 561 499 623 eiusdem
521 563 614 626 Eeel.
637 563 827 624 Conventus
846 550 1009 640 paratam
1039 557 1262 621 andevotum

266 644 506 725 obedientium.
614 665 619 671 ’
643 726 655 736 ,
1014 722 1017 727 ,
1177 740 1181 745 Γ

249 776 254 782 “
329 764 435 828 Huius
452 761 707 846 praestantissimi
734 763 808 827 libri
829 784 918 825 usum
935 782 994 842 per
1019 772 1120 824 totum
1132 772 1262 849 tempus

265 867 340 930 huie
360 867 569 951 qualicunque
585 888 678 929 curae
701 867 890 948 insumptum
909 864 1065 930 concessit
1086 863 1160 929 mihi
1179 865 1262 928 Ger-

266 970 360 1033 laehii
382 971 441 1032 mei
464 968 609 1033 amicitia.
649 967 784 1053 ‹Signavi
804 967 850 1033 A.

329 1074 397 1137 III.
427 1071 632 1151 Beruensist)
664 1072 708 1135 N.
737 1071 792 1134 88.
822 1091 1139 1133 cnauunenusnms
1161 1091 1262 1133 suari

266 1196 514 1239 rnneuomrunt
545 1175 611 1237 sine
636 1171 829 1246 Scholiasta;
852 1175 986 1251 membr.
1017 1173 1090 1236 See.
1110 1175 1157 1236 X.
1180 1173 1260 1238 folio

267 1278 423 1354 maximo,
455 1298 525 1340 eum
544 1275 733 1360 imaginibus
755 1273 925 1363 coloratis3
948 1274 1263 1358 eodersplendidis·

267 1383 381 1458 simus,
404 1381 435 1443 in
451 1402 559 1456 usum,
583 1389 727 1460 utputo,
750 1362 903 1460 principis
922 1377 1050 1441 alicuius
1066 1377 1127 1441 riri
1145 1399 1264 1442 summa

267 1507 339 1546 crim
353 1483 509 1568 elegantia
532 1494 691 1545 exaratus.
736 1482 831 1545 Hune
845 1482 917 1542 dum
938 1501 997 1562 per
1017 1478 1114 1543 serias
1140 1492 1262 1543 autum·

267 1587 353 1649 nales
375 1588 459 1668 apud
480 1585 640 1650 Usterium
656 1606 757 1648 meum
772 1585 895 1647 Bernae
911 1582 1014 1668 dego,
1038 1581 1107 1667 ipse
1128 1583 1261 1673 contuli.

268 1689 372 1753 Nobis
397 1702 445 1751 est
468 1691 509 1755 B.
1083 1690 1085 1695 ’
1221 1678 1224 1685 ’

329 1792 395 1856 lv.
419 1788 702 1872 Einsiedl'ensistt)
725 1792 769 1854 N.
786 1788 859 1853 888.
875 1788 943 1853 sine
957 1788 1078 1865 Indice,
1100 1787 1280 1854 destitutus

268 1895 445 1960 Scholiasta
466 1904 498 1957 et
520 1894 652 1977 liguris3
674 1896 806 1959 membr.
837 1895 908 1956 See.
932 1894 996 1958 XI.
1019 1892 1123 1956 forma
1145 1896 1265 1957 ‹luode-

268 1996 466 2079 eimplieata,
497 1997 649 2060 loliorum
678 1997 798 2060 XXII.
820 1996 987 2081 diligenter
1006 2018 1043 2059 ao
1067 1995 1162 2059 nitide
1185 1995 1265 2058 scri‘-

254 2090 355 2182 ptus.
400 2100 504 2162 Huius
531 2098 645 2181 optimi
671 2098 799 2163 Codicis
819 2120 908 2161 usum
931 2098 1182 2180 acceptumsero
1206 2100 1264 2162 bc·

267 2202 414 2286 nignitati
436 2199 605 2266 Caelestini
622 2201 714 2283 primi
730 2199 930 2281 illustrissimi
948 2199 1106 2281 Principis
1129 2199 1267 2264 Abbatis

268 2303 461 2368 Monasterii
479 2303 705 2367 Einsiedlensis
722 2314 752 2366 et
771 2290 1024 2366 reverendissimi
1038 2302 1142 2367 Patris
1158 2301 1265 2364 Mein·
1316 2360 1320 2365 ,

268 2406 337 2471 radi
364 2405 520 2483 Kaelinii‚
552 2406 603 2467 eui
635 2403 817 2492 doctissimo
838 2404 1152 2498 virolbibliotheeae
1181 2405 1265 2469 illius

269 2509 410 2573 custodia
433 2508 595 2572 commissa
612 2518 672 2571 est.
718 2504 852 2588 Semper
868 2498 1095 2593 huncquoque
1111 2507 1141 2571 in
1161 2504 1266 2572 emen·⁴

268 2613 373 2674 dando
395 2614 492 2692 poe'ta
516 2622 586 2673 ante
610 2610 721 2674 oeulos
744 2609 851 2673 habui.
896 2609 1016 2673 Notavi
1037 2612 1080 2675 E.

321 2843 356 2903 (²³)
374 2848 426 2892 Cir.
452 2848 547 2892 Sinneri
567 2843 647 2893 Gotnl.
667 2845 742 2893 codd.
760 2845 826 2892 Bibl.
839 2844 916 2894 Rern.
936 2852 992 2897 Vol.
1012 2853 1033 2896 l.
1053 2864 1077 2907 p.
1098 2849 1264 2909 tta-282.;

270 2930 340 2975 quem
361 2921 439 2962 tamen
460 2918 521 2976 fugit
540 2917 636 2961 ultimos
658 2917 717 2962 Cdd.
736 2922 821 2962 tersus
841 2933 869 2963 ex
886 2919 978 2964 Avieno
997 2925 1091 2975 assutos
1113 2935 1176 2967 esse.

233 2975 238 2998 ‘
304 2983 351 3044 θ’)
368 2989 435 3032 Idem
456 2993 493 3032 est
516 2987 612 3042 Codex,
638 2982 718 3044 quiin
736 2988 844 3033 Haenelii
866 2985 994 3050 Catulogis
1017 3004 1041 3046 p.
1068 2987 1126 3035 663.
1152 2991 1177 3033 b.
1202 2992 1265 3035 miro

269 3072 353 3103 errore
369 3058 404 3101 sie
421 3063 582 3102 meinoratur:
612 3056 661 3111 „N.
683 3054 742 3102 200.
762 3056 840 3103 Ovidii
859 3073 948 3117 opera;
968 3074 1016 3108 sec.
1036 3059 1084 3104 XI.
1102 3060 1204 3105 membr.
1226 3059 1267 3104 l.''

269 3127 333 3174 Nibil
351 3132 430 3172 autem
446 3127 527 3172 Ovidii
553 3127 576 3170 in
601 3127 645 3171 hoc
668 3127 746 3182 libro,
775 3129 831 3173 sed:
860 3129 987 3172 Boethii
1014 3128 1140 3183 Expositis
1163 3132 1265 3174 secunda

269 3191 369 3253 (siclin
392 3198 505 3256 isagogas
535 3197 672 3252 Porphyrii.
716 3198 908 3253 Priscianus
935 3200 963 3243 de
992 3196 1075 3257 figuris
1099 3213 1264 3244 numerorum.

264 3267 335 3312 Idem
353 3270 381 3312 ds
404 3267 487 3311 metris
510 3264 644 3311 fabularum
666 3267 774 3311 Terentii
797 3272 820 3311 et
838 3268 941 3311 alioruin
962 3269 1117 3313 comicorum.
1153 3269 1267 3315 Eiusdem

268 3337 499 3381 Prasexercitamina
512 3336 576 3390 (sic).
597 3336 799 3380 Commentariun
817 3337 923 3381 Rufini
942 3339 973 3383 V.
995 3338 1023 3383 C.
1041 3330 1195 3383 Grammalici
1214 3338 1265 3382 Aa·

268 3406 397 3450 tioohensis
418 3407 442 3450 in
464 3411 539 3450 instra
558 3407 702 3450 't'ereutiana
724 3406 820 3461 (insunt
839 3407 876 3451 his
907 3409 1016 3453 omnibus
1037 3405 1151 3461 Graeca.)
1173 3410 1265 3453 Versus

268 3475 378 3521 Rufini
396 3475 549 3519 Grammatici
569 3477 597 3519 de
615 3476 697 3521 metris
718 3476 825 3521 Terentii
844 3481 867 3520 et
891 3479 970 3523 Plauti
989 3483 1012 3523 et
1029 3483 1173 3523 ceterorum.
1204 3480 1265 3522 Ver·

269 3559 309 3590 sus
328 3533 437 3589 Rufini
455 3547 487 3589 V.
499 3545 536 3588 C.
557 3545 697 3589 litteratoris
710 3546 738 3590 de
757 3547 929 3602 compositione
948 3553 971 3590 et
987 3549 1014 3592 de
1031 3548 1115 3593 metris
1132 3552 1265 3591 oratorum.

199 3622 202 3631 ¹
262 3614 491 3672 ffustremnrnhoo
507 3612 584 3679 bulini
607 3616 745 3669 opuseulum
766 3617 928 3670 compluribus
951 3617 1009 3660 loris
1028 3630 1057 3660 ex
1069 3617 1167 3675 egregio
1179 3616 1270 3661 Codice

270 3685 418 3729 ernendatnm
438 3685 498 3727 dabo
523 3684 659 3739 propediem
681 3684 704 3728 in
724 3685 863 3730 Scholiastis
891 3685 1079 3740 Ciceronianis.)
1114 3685 1140 3729 ln
1157 3683 1204 3730 fine
1220 3684 1267 3729 Co·

269 3755 330 3797 dicis
352 3753 402 3796 sine
425 3752 473 3796 ullo
501 3752 576 3797 iudice
601 3754 781 3798 Germanici
806 3747 912 3800 Aratea.
950 3755 1014 3799 Haeo
1041 3749 1158 3817 ἰδιώτης
1180 3756 1267 3812 aliquis
1298 3804 1304 3819 .

270 3837 341 3880 quum
362 3822 448 3865 Ouidio
466 3822 628 3876 attribuisset,
661 3827 730 3869 natus
756 3829 793 3869 est
813 3838 882 3869 error
906 3825 929 3867 in
950 3824 1058 3868 Haenelil
1078 3826 1210 3883 catalogo,
1243 3825 1267 3868 in

150 3918 173 3957 x*
269 3894 318 3936 iltis
337 3891 446 3935 ominbus
465 3906 524 3950 quae
544 3892 644 3936 attinent
666 3894 694 3935 ad
717 3899 886 3938 monasterium
906 3894 1069 3943 Einsiedleuss
1090 3895 1230 3953 imperfecto
1244 3898 1268 3939 st

272 3963 349 4009 omnis
366 3963 462 4022 generis
485 3961 550 4008 uitiis
569 3961 620 4007 siue
639 3961 684 4009 viri
703 3964 765 4009 docti
784 3965 852 4022 culpa
870 3967 983 4013 retorto..
1003 3992 1005 3997 ·
