2834 4630
993 286 996 299 ⁴
1094 295 1155 360 225

135 439 221 502 Ius
242 433 452 516 sit‘ybleis
473 434 660 498 tribunal
681 447 765 501 stare
789 436 861 501 diva
883 435 1019 503 floribus

133 540 401 622 Praesens‘ipsa
421 538 490 602 iura
512 538 588 601 dicit
609 542 802 603 adsederunt
823 540 946 625 gratiae
1052 554 1055 561 '
1112 543 1155 606 50

131 642 249 708 Hibla
273 652 389 706 totos
414 642 534 705 funde
562 641 698 706 flores
728 641 924 725 quiequid
952 641 1067 707 annis
1090 634 1164 708 ad·⁴

778 742 877 808 tulit
1189 747 1192 752 ’

129 850 374 914 Hiblaflorum
390 869 594 930 rumperes
616 851 798 931 tequant'
821 850 938 912 ethne
954 870 1084 933 campus
1099 862 1149 914 est
1184 922 1187 930 Α

130 936 248 1017 Ruris
266 952 318 1015 hie
339 964 431 1014 erunt
452 951 577 1033 puellae
601 952 652 1015 vel
674 952 799 1033 puellae
822 950 974 1015 montium

129 1057 299 1138 Quaeque
322 1055 533 1138 silvasque
555 1054 677 1129 locos
692 1075 817 1139 queque
840 1066 964 1118 montes
978 1054 1124 1120 incolunt

104 1148 242 1223 vIussit
262 1156 387 1223 omnis
409 1157 552 1221 adsidere
575 1157 667 1239 pueri
688 1169 788 1220 mater
811 1156 927 1220 alitas
1109 1160 1156 1241 55,
1183 1236 1187 1244 ²

129 1259 241 1325 Iussit
262 1271 294 1322 et
315 1261 429 1324 nullo
449 1261 572 1342 puellas
594 1261 637 1323 nil
660 1260 781 1324 amoti
803 1263 936 1325 credere

129 1363 224 1430 Cras
241 1375 325 1427 amet
339 1362 395 1447 qui
408 1384 566 1447 nunquam
583 1363 699 1425 amavit
713 1362 831 1447 quique
847 1364 968 1426 amavit
981 1386 1054 1427 cras
1067 1375 1150 1429 amet
1187 1440 1190 1445 Ι

127 1470 181 1531 Et
206 1466 389 1581 rigentibus
412 1477 632 1551 vergentes
655 1469 774 1530 duent
797 1469 949 1530 umbras
970 1467 1106 1532 floribus

130 1568 222 1634 Cras
249 1564 309 1643 erlt
331 1567 398 1652 qui
419 1568 541 1650 primns
562 1570 699 1632 aether
721 1568 930 1651 copulavit
952 1571 1082 1653 nuptias

130 1674 180 1738 Ut
203 1678 302 1754 pater
323 1671 400 1735 totis
422 1672 711 1735 crearerernis
733 1693 847 1735 annum
869 1672 1005 1736 nubibus
1106 1676 1166 1759 60,

31 1764 34 1775 Δ
128 1777 170 1840 In
195 1774 303 1838 sinurn
327 1773 457 1836 maritus
478 1775 581 1839 imber
602 1776 764 1838 fluetus
786 1775 886 1837 alma
909 1787 948 1839 et
969 1768 1115 1861 coniugis

129 1880 183 1944 Ut
206 1877 338 1941 fletus
362 1877 481 1940 mitus
505 1877 606 1942 omnis
628 1879 765 1941 aleret
786 1899 904 1961 magno
926 1900 1066 1962 corpore

128 1982 211 2063 Ipsa
237 1998 381 2043 vennas
403 1992 520 2064 atque
544 1994 677 2045 mentem
700 1993 933 2062 permeante
957 1982 1072 2064 spiritu

127 2074 225 2145 Intus
251 2079 369 2143 ocultis
393 2083 597 2165 gubernat
617 2084 886 2164 procreatrix
907 2084 1030 2151 viribus

128 2185 212 2250 Per
240 2204 315 2268 que
342 2185 461 2246 eaelum
489 2204 562 2265 per
593 2206 669 2293 que
702 2197 805 2248 terras
836 2207 896 2267 per
924 2208 986 2271 que
1007 2201 1144 2271 pontum

771 2289 928 2351 subditum
1105 2294 1146 2359 65

129 2390 294 2456 Pervium
317 2389 365 2452 sui
386 2402 563 2454 tenorem
586 2389 728 2454 semina
750 2391 883 2454 litram
906 2391 974 2456 ite.

129 2493 243 2556 Inbuit
268 2491 421 2578 iussitque
442 2495 591 2555 mundum
612 2494 933 2563 noscenascendi
956 2494 1028 2561 vias
1174 2575 1176 2579 ι

129 2594 213 2660 Cras
231 2608 320 2658 amet
334 2594 388 2677 qui
403 2617 562 2680 nunquam
578 2597 693 2659 amavit
709 2597 826 2682 quique
842 2598 957 2668 amarit
973 2594 1044 2664 eras
1060 2595 1144 2666 amet

128 2699 205 2780 Ipsa
229 2697 378 2762 troianos
401 2720 472 2761 nec
492 2712 606 2781 potes
628 2699 659 2762 in
683 2700 815 2781 latino
838 2702 999 2765 transtulit

128 2801 224 2884 Ipsa
247 2803 427 2864 laurentem
449 2803 583 2883 puellam
607 2803 775 2889 coniugem
798 2816 874 2868 nato
897 2806 983 2869 dedit
1048 2846 1050 2857 ·
1101 2807 1141 2870 70
1199 2820 1201 2829 ’

69 2939 74 2947 ’
129 2905 287 2988 Moxque
309 2902 402 2965 marti
424 2907 463 2966 de
484 2907 602 2969 sacello
625 2909 677 2968 dat
698 2907 843 3021 pudicam
866 2908 1024 2993 virginem

131 3006 389 3071 Rumuleas
379 3028 461 3089 ipsa
483 3006 558 3069 feeit
581 2982 651 3070 cuni
673 3009 822 3073 savinis
844 3012 971 3092 nuptias

95 3162 100 3173 .
132 3111 227 3174 Unde
248 3131 378 3173 rames
400 3121 431 3174 et
453 3110 584 3192 quirites
606 3132 732 3195 proque
753 3114 846 3194 prole
868 3129 1033 3197 posterum

133 3213 272 3278 Romoli
294 3225 424 3276 matrem
446 3225 568 3276 crearet
589 3224 621 3276 et
642 3226 789 3296 nepotem
813 3239 972 3282 caesarem

134 3313 219 3380 Cras
248 3330 332 3381 amet
363 3316 417 3400 qui
444 3339 601 3433 nunquam
631 3319 747 3382 amavit
778 3319 896 3405 quique
927 3322 1043 3386 amavit
1065 3347 1138 3388 cras
1219 3315 1226 3319 ’

308 3437 312 3443 ·
767 3436 850 3486 amet
1100 3429 1140 3494 75

132 3522 225 3585 Rura
246 3523 439 3586 facundat
456 3523 610 3604 uoluptas
632 3545 707 3587 rura
730 3547 877 3591 venerem
900 3530 1038 3596 sentiunt

112 3624 209 3709 ‚Ipse
232 3648 322 3690 amor
344 3648 424 3709 puer
446 3625 539 3690 dione
561 3649 636 3690 rure
660 3641 773 3692 natus
799 3630 916 3695 dieitur

185 3823 227 3871 49.
258 3829 359 3872 treton
360 3827 380 3886 l]
405 3828 457 3874 Non
482 3834 537 3873 nota
539 3831 572 3874 rt
589 3831 678 3875 llauth
716 3832 745 3887 (11
745 3828 858 3879 aethre
876 3852 968 3896 quoqu
956 3816 1069 3894 cistis
1091 3839 1133 3885 52.

133 3894 187 3939 ὃιιΙι
207 3898 359 3957 sielegitiu
347 3898 439 3943 u.Cd:
472 3914 601 3956 rueesmpr
620 3902 696 3959 tee'qu
676 3905 779 3947 ειιιαΡ
795 3902 874 3950 estun
920 3906 961 3952 62.
990 3908 1051 3951 initu
1053 3907 1135 3966 stn·

132 3974 227 4016 per-scr.
248 3974 285 4012 est
302 3983 332 4014 x.
354 3965 394 4016 63.
407 3967 507 4029 eernna]
518 3985 564 4013 non
578 3971 667 4015 olevit
679 3971 781 4029 llantlr
801 3978 841 4018 sed
853 3976 927 4020 habet
939 3991 973 4021 sie
985 3977 1134 4033 euainLips

228 4047 430 4094 ιιιιιιιιιιιιιι.
807 4057 851 4117 15

808 4308 822 4345 l
