2870 4626
329 1064 1014 1146 Pssnuuuluouosutlnssuuul

189 1246 648 1350 unnunauun
683 1256 1152 1349 nusorluuunu

458 1447 631 1512 LIBER
660 1445 895 1553 Fuluius.

451 1748 455 1753 ⁴
547 1775 792 1839 [inomaus]

177 1901 349 2033 Aesopus
369 1960 482 2013 auctor
502 1971 595 2034 qnam
618 1948 776 2013 materiam
797 1947 957 2032 repperit,

176 2055 273 2117 Hane
294 2074 355 2136 ego
377 2051 479 2135 polivi
499 2054 644 2115 versibus
665 2051 808 2116 senariis.

177 2156 308 2237 Duplex
329 2154 428 2217 libelli
449 2156 505 2219 dos
527 2164 595 2218 esta
618 2157 706 2240 quod
726 2154 823 2216 risuum
846 2166 955 2217 movet

178 2260 223 2323 Et
244 2260 330 2342 quod
351 2256 497 2340 prudenti
518 2257 615 2320 vitam
638 2256 771 2321 consilio
793 2268 911 2321 monet.

76 2414 83 2432 ,
179 2359 372 2424 Calumniari
391 2359 418 2423 si
439 2358 508 2442 quis
530 2371 634 2424 autern
655 2358 812 2436 voluerit,

179 2463 276 2542 Quod
297 2464 428 2526 arbores
449 2464 638 2546 loquantur,
662 2484 726 2526 non
749 2473 867 2525 tantum
887 2462 993 2540 ferae,

178 2564 279 2629 Fictis
300 2563 401 2630 iocari
423 2586 482 2630 nos
505 2564 681 2629 meminerit
699 2564 826 2631 fabulis.

547 2864 549 2873 y
594 2780 692 2846 [ran.
720 2783 761 2845 n]

464 2932 614 2999 LUPUS
635 2934 697 2997 ΕΤ
718 2933 885 2997 AGNUS.

224 3074 278 3137 Ad
297 3072 400 3136 rivum
422 3075 553 3137 eundem
575 3073 667 3155 lupus
689 3085 720 3135 et
741 3090 841 3157 agnus
863 3083 1013 3136 venerant

161 3175 240 3239 ‚Siti
260 3174 432 3260 compulsi:
456 3174 605 3260 superior
625 3178 728 3238 stabat
749 3174 842 3258 lupus

232 3377 342 3423 Puonoo.
378 3377 466 3424 index:
485 3373 603 3437 Phaedre]
621 3399 655 3414 -
671 3372 747 3421 Pedri
763 3376 793 3420 P.
815 3377 887 3421 Vere.
907 3371 945 3432 (1)
964 3373 1082 3435 repperit]
1100 3375 1129 3421 P.
1144 3389 1168 3431 p.

182 3456 215 3490 =
235 3449 328 3504 reperii
341 3448 367 3492 S.
403 3445 440 3504 (2)
464 3444 548 3505 Hane]
566 3447 596 3491 P.
617 3446 643 3491 S.
662 3470 695 3480 -
712 3444 804 3490 lancee
823 3458 845 3501 p.
866 3444 882 3505 ΙΙ
902 3443 1023 3504 senariis]
1040 3460 1064 3501 p.
1092 3447 1118 3490 S.
1138 3468 1169 3480 -

180 3517 294 3561 senonia
315 3517 346 3561 P.
390 3513 425 3573 (3)
449 3515 505 3576 doe]
522 3517 553 3560 R.
581 3522 641 3561 teste
658 3516 713 3575 Rig.
740 3517 765 3560 S.
786 3538 818 3549 -
836 3531 890 3563 moe
906 3516 936 3560 Ρ.
955 3529 979 3571 p.
1015 3516 1124 3570 „Littera
1145 3529 1171 3558 ιη

181 3587 258 3630 addita
287 3591 324 3630 est
349 3588 478 3641 posterius.
525 3586 650 3630 Librarius
679 3586 808 3640 scripserat
827 3601 856 3633 os
880 3586 984 3647 (libeliis
1002 3598 1030 3629 os
1051 3586 1106 3644 urg.
1124 3584 1171 3628 Ede

177 3655 255 3710 prima
272 3656 342 3710 prob.
356 3656 463 3700 Gronov.
479 3654 538 3711 On.)
572 3655 684 3700 Editores
698 3654 769 3699 dos.’'
786 3655 864 3703 Brun.
901 3653 938 3713 (4)
952 3654 1081 3714 prudenti]
1106 3655 1169 3699 Bou·

180 3737 245 3782 gers.
264 3724 319 3784 stig.
339 3724 421 3769 Helos.
442 3726 509 3783 qnasi
528 3740 540 3770 e
559 3722 614 3770 Vel.
634 3726 731 3769 Codice.
751 3726 777 3774 S.
796 3749 829 3762 —
843 3726 976 3787 prudentie
995 3726 1026 3769 P.
1046 3739 1069 3779 p.
1095 3723 1170 3778 „liul-

180 3794 229 3837 lum
247 3799 284 3839 est
306 3787 344 3838 hle
365 3796 516 3841 retractantis
536 3809 619 3839 manus
644 3795 771 3849 indicium,
790 3803 816 3841 ut
836 3811 865 3842 ex
883 3796 981 3840 Heinsio
1004 3807 1032 3838 ae
1048 3794 1170 3837 Brotierio

180 3868 247 3917 putat
263 3864 415 3909 doctissimus
432 3864 536 3908 Phaedri
555 3865 631 3909 editor
649 3866 714 3913 Satn.
734 3866 874 3912 Schwabe.”
892 3867 968 3910 liano.

230 3932 290 3978 Fan.
309 3933 330 3977 1.
366 3933 394 3977 ln
413 3926 557 3978 Pabularunr
579 3935 696 3979 indicibus
718 3942 812 3981 secutus
831 3950 884 3980 snm
907 3935 952 3978 Cd.
973 3932 1004 3994 ΡΙ.
1045 3929 1082 3986 (2)
1105 3941 1170 3972 rom-

181 3999 259 4061 pulsa]
286 4015 310 4059 p.
340 4003 366 4048 S.
387 4012 418 4048 =
444 4004 557 4062 conpulsi
583 4004 617 4049 1³.
639 4010 664 4050 et
686 4006 721 4050 sie
746 4005 797 4051 iere
833 4018 927 4061 semper
953 3999 1089 4061 inprudens
1115 4003 1169 4045 cett.
