2834 4630
223 264 319 337 x226
416 296 419 299 ·

256 407 355 471 Hunc
377 425 455 490 ager
477 426 548 468 eum
571 405 808 489 parturiret
828 403 897 487 ipsa
920 405 1059 487 suscepit
1080 402 1170 467 simi

257 510 333 592 Ipsa
353 508 471 573 florum
493 508 694 594 deligatis
717 508 863 572 educavit
884 506 1003 572 osculis

161 654 166 670 .
259 610 343 678 Cras
359 623 441 676 amet
456 611 511 697 qui
522 608 685 697 'uunquam
700 610 820 675 amavit
834 609 1168 695 quiqueamaviteras
1180 621 1259 676 amet

257 716 345 779 Eece
365 714 428 779 iam
451 736 549 797 super
571 728 719 800 genestas
742 714 881 797 explicat
902 713 987 779 aonii
1008 715 1089 776 latus

261 818 405 903 Quisque
427 828 542 882 tutus
564 837 629 903 quo
651 827 778 882 tenetur
799 817 1013 901 coniugali
1034 817 1201 881 saedere

260 922 523 1007 Subteruuibras
545 942 616 984 eum
631 920 752 984 maritis
774 941 865 984 eece
886 921 1096 984 balantum
1118 921 1261 1006 gregis

260 1026 305 1088 Et
326 1039 506 1087 efanoras
528 1044 592 1086 uon
614 1035 722 1087 tacere
743 1023 818 1086 diva
839 1023 931 1086 iussit
952 1022 1041 1086 alites

262 1126 331 1192 Iam
352 1127 505 1211 loquaces
520 1147 579 1191 ore
593 1147 692 1191 rauco
716 1136 806 1190 stan
816 1148 889 1211 gua
905 1127 998 1210 quin
1009 1127 1046 1190 ui
1061 1138 1263 1210 perstrepunt

259 1232 448 1304 Adsonat
469 1228 580 1293 terei
601 1230 735 1312 puella
756 1232 898 1293 subter
920 1232 1062 1293 umbram
1085 1229 1232 1313 pupuli

261 1333 307 1398 Ut
327 1345 446 1415 putes
468 1344 573 1398 motus
594 1332 711 1397 amoris
734 1354 794 1396 ore
816 1332 982 1397 dicimus
1004 1333 1092 1397 sico

262 1436 314 1498 Et
335 1455 434 1520 neges
456 1435 592 1521 queris
614 1456 762 1500 sororem
785 1439 824 1499 de
844 1437 962 1501 marito
985 1439 1126 1501 barbaro

261 1537 324 1601 Illa
342 1549 449 1602 cantat
471 1559 530 1603 nos
551 1549 690 1602 tacemus
711 1560 815 1623 quau
836 1538 899 1602 vir
922 1538 1008 1603 venit
1029 1556 1131 1603 meum

264 1640 401 1721 Quando
422 1641 518 1706 fiam
540 1652 582 1705 ut
602 1641 846 1707 caelidonut
867 1654 1011 1706 tacere
1033 1643 1170 1706 desinam

187 1775 190 1781 ·
263 1742 483 1809 Perdimus
505 1766 563 1809 am
584 1748 760 1810 tacendo
784 1767 855 1808 nee
876 1768 926 1809 me
948 1745 1065 1810 foebus
1086 1746 1217 1829 respicit

266 1846 320 1912 Sie
340 1846 511 1912 amielas
533 1872 605 1912 eum
626 1860 747 1912 taceret
768 1848 965 1930 perdedit
986 1850 1142 1913 silentium

267 1949 501 2033 Crasametqui
514 1972 673 2037 nunquam
689 1949 807 2015 amavit
821 1952 940 2036 quique
954 1953 1070 2017 amavit
1084 1975 1155 2017 eras
1171 1964 1269 2017 auset.

319 2153 361 2200 91.
379 2090 524 2215 Perusina]
542 2170 556 2199 a
575 2168 624 2201 sec.
644 2169 676 2200 ru.
697 2164 819 2210 aupes-ser.
840 2151 883 2210 ds';
901 2161 926 2200 ut
944 2156 975 2201 sit
990 2154 1157 2214 perdidimus.
1198 2190 1203 2201 .
