2870 4626
1101 322 1141 383 11

140 488 194 542 que
207 467 243 538 je
261 469 342 519 viem
359 464 393 516 de
411 463 472 515 dire
492 463 596 517 «terruit
607 477 654 515 ces
664 460 845 534 Μητίονα.)
883 462 950 531 ,On
969 462 1003 513 tit
1019 479 1054 513 cn
1066 464 1140 513 tete.-

142 567 308 636 impressus
327 567 373 614 est
392 559 447 613 istc
468 565 573 611 auctor
592 572 648 629 ope
668 554 755 611 huius
769 553 977 629 exemplaris.”
1017 555 1084 607 Cela
1097 563 1140 607 est

141 661 223 720 oroi,
242 663 271 706 et
289 653 311 704 it
327 653 397 704 n'est
412 667 468 720 pos
487 655 576 702 moins
597 653 664 701 vrci
681 666 730 720 que
749 651 820 702 celui
837 654 883 720 qui
894 668 913 699 a
925 649 997 701 berit
1009 666 1054 701 ces
1067 658 1142 701 mot-r

141 748 210 801 r’est
229 748 346 818 trompb.

207 895 265 960 Usi
287 894 384 978 igitur
409 903 481 956 sunt
503 891 587 957 Cod.
617 889 767 956 Remensi
792 889 951 974 Rigaltins
972 911 991 953 e
1014 890 1140 954 schedis

144 998 322 1071 sirmondi,
347 997 469 1059 Gndius
489 994 573 1079 ipsc,
597 993 805 1070 Vincentius,
829 992 917 1057 coins
940 992 1140 1056 collationem

144 1111 292 1163 accurate
310 1098 497 1180 descriptam
521 1097 683 1161 contextui
703 1096 788 1161 Cod.
812 1094 979 1160 Pithoeani
1002 1095 1143 1177 praemi-

146 1203 188 1265 sit
210 1205 351 1286 Bmger,
376 1200 510 1283 deniqne
532 1198 710 1264 Broticrins
732 1220 750 1262 e
769 1199 890 1262 schedis
904 1197 1042 1261 eiusdem
1059 1199 1142 1262 Vin·

146 1306 252 1367 centii.
290 1307 350 1367 Sed
365 1305 395 1366 in
408 1304 456 1366 his
470 1304 617 1366 nonnulla
629 1315 719 1378 sunt,
737 1322 816 1384 quiae
827 1323 892 1365 non
905 1312 1014 1364 carent
1029 1322 1142 1385 repre·

147 1409 309 1469 honsione.
333 1409 417 1470 Ante
429 1405 530 1469 omnia
545 1407 711 1468 dolendum
725 1425 797 1466 sane
816 1415 864 1467 est
876 1406 1044 1467 obscuram
1057 1404 1140 1467 illam

146 1522 176 1571 et
200 1511 229 1569 in
247 1530 418 1591 puerorum
436 1530 525 1570 usrim
546 1508 714 1571 mutilatam
735 1505 914 1570 Editionem
931 1505 1142 1571 Parisienscm

146 1615 230 1694 apud
243 1612 364 1674 viduam
375 1600 495 1672 Brocas
507 1610 587 1672 1713
599 1613 637 1672 ab
650 1631 689 1673 eo
700 1630 776 1690 prae
790 1608 919 1673 meliore
934 1609 1037 1694 aliqua
1052 1621 1084 1672 ct
1094 1608 1142 1679 in-

143 1727 236 1797 tegra
252 1714 400 1775 delectam
413 1705 501 1788 ossei
518 1734 650 1796 quactum
663 1715 865 1775 contenderet
881 1711 1021 1776 codicem
1037 1734 1141 1776 sittim.

145 1817 231 1880 Hinc
253 1817 368 1878 iactnm
390 1827 456 1888 est,
483 1825 534 1888 nt,
559 1838 653 1897 qrrrim
678 1837 716 1877 ne
738 1816 863 1898 Bergen
890 1814 1014 1900 quidem
1038 1815 1068 1876 in
1093 1815 1142 1877 Ιο-

145 1920 192 1980 cis
224 1919 330 1981 saitem
360 1915 561 2000 gravionibus
584 1918 747 1992 retulerit,
780 1938 944 2002 quamnam
973 1917 1141 1979 lectionem

144 2020 339 2100 expresserit
360 2018 455 2081 editio
481 2020 530 2080 illa
558 2020 760 2094 Parmensis,
786 2041 844 2083 nec
860 2040 939 2081 vero
958 2019 1049 2083 nobis
1073 2041 1141 2082 eam

146 2125 313 2185 consulere
332 2121 478 2195 licuerit,
516 2123 693 2184 necessario
711 2123 823 2184 incerti
844 2122 998 2184 interdum
1015 2143 1141 2187 reinan-

145 2226 276 2287 serimns
295 2228 331 2286 de
358 2225 492 2287 lectione
515 2223 576 2289 Cd.
600 2224 775 2287 Rernensis.
822 2226 990 2287 Praeterea
1010 2246 1141 2306 compa·

145 2340 213 2390 rata
233 2350 326 2409 quium
350 2329 499 2389 varietate
526 2348 541 2387 a
574 2327 678 2390 Gudio
711 2339 857 2401 enotata,
892 2339 957 2388 tum
982 2327 1141 2391 simillimo

145 2431 268 2494 Codice
290 2430 485 2501 Pithocano‚
509 2429 646 2491 dubitari
669 2431 797 2514 nequit,
834 2429 907 2513 quin
934 2431 1017 2491 hand
1041 2451 1140 2511 panca
1200 2433 1203 2436 ’

148 2534 215 2608 vel,
253 2533 325 2615 qnia
356 2531 445 2593 nimis
480 2533 589 2594 vitiosa
630 2533 690 2594 sibi
725 2534 927 2606 viderentur,
967 2532 1017 2595 vel
1048 2532 1141 2595 etiam

41 2644 42 2649 ’
144 2632 292 2726 ἀβλεψὶᾳ
316 2633 457 2697 omiserit
489 2637 600 2697 doctos
622 2635 675 2697 ilie
699 2636 932 2698 Benedictinns.
992 2634 1142 2717 Exempli

147 2736 247 2821 gratia
281 2758 344 2800 non
369 2737 545 2817 reperimus
577 2736 608 2799 in
638 2737 797 2800 Vincentii
831 2738 962 2801 Schedia
991 2738 1143 2801 lectiones

42 2826 43 2853 ¹
147 2841 459 2903 commemoratas
482 2840 557 2902 nto.
580 2841 610 2902 1.
635 2841 675 2905 a.
704 2842 755 2902 12.
780 2863 813 2904 v.
850 2842 901 2905 ir.
937 2842 1058 2914 υιῑιια,
1083 2843 1139 2915 15,

147 2946 180 3006 9.
203 2963 316 3015 senem
346 2945 403 3016 17,
438 2942 469 3004 3.
492 2964 569 3004 cmm
595 2943 791 3017 mendossc;
827 2945 884 3018 18,
924 2944 954 3006 3.
991 2932 1158 3027 geminos,

148 3046 319 3119 coriciens3
357 3046 414 3120 27,
449 3045 480 3107 3.
510 3048 750 3120 thensaurum,
783 3058 846 3109 cet.
891 3049 1060 3110 Praeterea
1085 3045 1141 3105 mi.

147 3168 201 3209 nae
219 3146 426 3231 negligentiae
445 3148 566 3229 colpam
588 3148 671 3210 inse
696 3149 818 3212 admisit
841 3152 923 3211 hand
945 3149 1140 3210 conferendo

43 3232 44 3287 }
147 3249 262 3312 codicis
281 3249 399 3311 initium
415 3271 515 3334 nsque
535 3253 575 3313 ad
592 3251 668 3314 Lib.
693 3254 721 3319 Ι.
745 3252 827 3314 Fab.
852 3253 883 3314 2.
908 3273 941 3315 v.
963 3252 1014 3311 11.
1058 3252 1141 3312 Nam

146 3353 176 3415 in
209 3353 269 3415 hoc
298 3374 359 3416 non
387 3353 422 3417 in
440 3376 472 3415 v.
497 3353 568 3431 12„
599 3365 634 3415 nt
664 3354 705 3416 ait
733 3356 844 3431 Adry,
879 3353 988 3434 incipit
1010 3352 1140 3416 collatio

141 3451 365 3547 *Vincentianm
409 3456 557 3518 Attamen
586 3478 603 3517 e
635 3454 777 3539 Rignitio
808 3466 838 3517 et
870 3456 993 3530 Gn‘dio‚
1023 3455 1138 3539 quibus

104 3562 106 3571 '
145 3557 321 3623 Brotierins
339 3557 371 3633 ip
385 3556 443 3630 iis,
462 3579 540 3641 qnae
559 3561 749 3639 praecedunt
768 3560 803 3632 Ι,
830 3560 865 3633 3,
893 3561 965 3633 tlt„
996 3581 1070 3621 nsns
1090 3557 1140 3619 vi·

147 3662 254 3735 detur,
278 3659 484 3723 innotuerunt
509 3663 568 3722 hac
590 3681 645 3722 sex
670 3663 763 3724 Rern.
785 3661 847 3726 cd.
872 3663 1043 3725 lectiones:

205 3764 344 3846 Prolog.
381 3784 415 3825 ν.
446 3764 479 3830 3.
513 3766 576 3829 dos
612 3767 705 3842 (teste
738 3765 831 3848 Rig.)
865 3766 945 3828 Fab.
982 3768 1013 3827 1.
1048 3786 1080 3825 v.
1105 3762 1138 3825 3.
1211 3834 1213 3839 ,

133 3863 259 3955 fonce·
277 3866 433 3947 improba
455 3870 546 3947 (teste
570 3867 661 3952 Rig.)
686 3891 714 3931 v.
739 3869 769 3929 7.
794 3867 909 3951 queris
930 3870 1022 3945 (teste
1050 3867 1138 3927 Gnd.

145 3967 338 4050 sicqucth.
372 3969 474 4048 Pith.)
512 3972 597 4037 Fab.
622 3972 653 4037 2.
688 3992 722 4032 v.
762 3970 793 4033 1.
843 3971 909 4039 Hic
931 3980 1023 4047 (toste
1051 3969 1137 4029 Gud.
