2870 4626
271 288 312 375 aa

196 508 198 513 y
273 428 348 510 Quo
369 438 463 512 paeto
485 428 550 492 non
570 423 769 510 possideant,
793 427 881 510 quod
900 421 999 489 fuerit
1021 425 1144 502 datum,
1222 425 1273 489 151

272 532 465 595 Fructumve
487 528 632 612 capiant:
656 528 765 592 deinde
787 549 867 613 quae
888 527 1017 591 tulerint
1038 526 1143 603 nihil,

272 632 416 714 Quanam
437 632 559 697 ratione
579 630 746 696 conferant
766 629 950 713 pecuniam.-

271 735 447 820 Postquam
469 746 655 817 consumpta
677 745 725 796 est
745 733 899 815 temporis
920 731 1008 818 longi
1029 752 1137 811 mora,

272 839 344 901 Nee
365 838 543 901 testamenti
563 835 670 919 potuit
691 856 798 898 sensns
820 833 929 920 colligi
938 868 955 912 ,-¹

273 939 382 1003 Fidem
404 938 589 1016 advocavit,
613 937 682 1001 iure
704 940 870 1022 neglecto,
893 958 1021 1019 parens.

271 1041 405 1123 Seponit
426 1042 576 1105 moechae
596 1051 739 1116 vestem,
759 1042 906 1103 mundum
928 1039 1129 1114 muliebrem,

271 1143 480 1206 Lavationem
504 1153 708 1226 argenteam,
732 1144 911 1219 eunuchos,
936 1143 1088 1226 glabros:

271 1244 431 1308 Lanificae
454 1245 591 1327 agellos,
614 1265 751 1326 peoora,
777 1244 898 1318 villam,
922 1242 1106 1326 operarios,

272 1347 403 1421 Boves,
428 1347 562 1408 iumenta
585 1357 617 1408 et
637 1347 875 1411 instrumentum
897 1345 1073 1409 rusticum:

272 1447 396 1513 Potrici
416 1449 540 1530 plenam
562 1446 698 1533 antiquis
721 1450 907 1531 apothecam
929 1447 1035 1525 cadis,

271 1551 409 1614 Domum
431 1551 562 1632 politam
583 1561 616 1613 et
637 1550 789 1613 delicatos
810 1551 970 1614 hortulos.

272 1652 325 1716 sie
346 1651 499 1715 destinata
520 1653 595 1715 dare
617 1674 712 1736 quum
735 1653 830 1715 vellet
851 1652 982 1736 singulis

271 1755 315 1818 Et
337 1756 528 1841 adprobaret
549 1756 705 1837 populns,
730 1755 783 1837 qui
804 1754 874 1817 illas
895 1766 1051 1831 noverat,

272 1857 422 1938 Aesopus
445 1856 545 1919 media
566 1857 672 1921 subito
694 1857 725 1920 in
746 1858 839 1922 turba
861 1857 1020 1921 constitit:

273 1960 303 2024 0
326 1958 353 2021 si
375 1969 512 2021 maneret
534 1959 663 2022 condito
686 1981 794 2023 sensus
818 1959 920 2042 patri*

274 2062 375 2141 Quam
398 2060 539 2145 graviter
560 2061 680 2138 ferret,
703 2064 791 2146 quod
814 2062 1008 2127 voluntatem
1031 2082 1115 2124 suam

271 2161 481 2245 Interpretari
500 2184 566 2227 non
586 2163 763 2245 potuissent
785 2164 903 2228 Attici!

271 2266 416 2350 Rogatus
438 2265 548 2328 deinde
569 2266 666 2330 solvit
687 2287 830 2332 errorem
852 2265 1002 2331 omnium.

270 2368 409 2431 Domum
431 2379 463 2431 et
484 2361 668 2432 ornamenta
688 2391 760 2431 oum·
782 2369 920 2432 venustis
941 2368 1075 2433 hortulis

229 2477 241 2496 ⁴
269 2471 314 2532 Et
336 2468 409 2534 vina
431 2480 540 2533 vetera
562 2472 633 2534 date
656 2470 795 2534 lanificae
817 2471 976 2534 rusticaea

270 2572 424 2647 Vestem,
447 2571 599 2650 uniones,
623 2574 815 2655 pedisequos
829 2585 869 2654 ¹et
892 2587 997 2636 cetera

268 2672 320 2737 lili
342 2672 522 2757 adsignata,
547 2673 642 2737 vitam
665 2696 746 2758 quae
767 2676 981 2766 luxuktrahit:

267 2776 395 2858 Agros,
417 2773 498 2838 vites
521 2786 553 2839 et
574 2797 693 2858 peoora
715 2799 784 2839 cum
806 2776 990 2859 pastoribus
1023 2785 1024 2788 ’

266 2877 393 2939 Donate
416 2879 577 2944 moechae.
619 2880 714 2942 Nulla
736 2880 856 2962 poterit
877 2881 1020 2964 perpeti,

266 2980 312 3043 Ut
335 2977 477 3061 moribus
500 2980 574 3063 quid
595 2991 699 3043 teneat
721 2982 853 3045 alienum
875 2984 952 3047 suis.

265 3079 437 3145 Deformis*
450 3082 568 3144 eultum
591 3087 722 3159 vendet,
747 3095 781 3148 ut
801 3084 906 3148 vinum
928 3099 1038 3167 paret;

266 3183 380 3265 Agros
403 3182 527 3247 abiiciet
548 3186 698 3262 moecha,
723 3197 757 3263 ut
779 3198 926 3250 ornatum
947 3202 1055 3270 paret;

265 3283 385 3348 Atilia
407 3288 547 3370 gaudens
567 3309 685 3369 pecore
708 3300 738 3350 et
759 3289 847 3351 lanae
869 3290 971 3352 dedita

264 3386 458 3472 Quacumque
481 3411 599 3453 summa
621 3392 723 3455 tradet
744 3390 888 3456 luxuriae
910 3395 1049 3459 domum,

261 3598 308 3629 nso
326 3586 389 3631 lecto
405 3587 437 3636 Ρ.
462 3585 499 3646 (ut
519 3590 581 3633 miro
607 3603 692 3634 errore
718 3591 813 3637 'volebat
830 3590 906 3648 Gnd.)
952 3592 1007 3653 (23)
1025 3616 1058 3628 -
1072 3610 1183 3654 pererro
1198 3599 1260 3645 ΡΛ

261 3668 300 3710 pr.
317 3669 350 3699 m.
387 3653 444 3714 (2⁵)
462 3681 495 3691 -
513 3663 640 3714 apotecam
665 3659 695 3703 Ρ.
722 3674 746 3715 p.
784 3659 841 3720 (34)
860 3685 892 3697 -
910 3663 1000 3707 ortulis
1019 3664 1047 3711 P.
1086 3664 1140 3723 (38)
1158 3682 1259 3729 agros,

261 3722 337 3795 sites}
355 3738 377 3779 p.
390 3726 422 3770 Χ8.
442 3751 475 3760 -
493 3740 572 3787 agros
594 3728 667 3770 utiles
686 3729 716 3773 P.
739 3731 769 3774 R,
789 3754 821 3765 -
839 3744 932 3791 agros,
964 3733 1038 3777 oilloa
1058 3734 1119 3779 Gud.
1141 3737 1184 3793 (—
1198 3752 1260 3797 per-

260 3806 322 3837 rorn
339 3794 382 3839 Ρ.)
426 3792 479 3850 (41)
499 3818 531 3829 -
550 3797 632 3840 vinum
649 3804 717 3854 petat
735 3800 754 3842 Ι.
776 3802 803 3847 P.
831 3800 938 3844 Gronov.
958 3803 1040 3850 Bur-m.
1078 3802 1131 3861 (42)
1152 3818 1183 3849 =
1204 3807 1258 3851 ‹rbi-

154 3916 158 3927 .
261 3863 310 3907 ciet
327 3863 357 3907 P.
376 3863 406 3907 R.
425 3874 449 3919 p.
486 3862 541 3922 (44)
565 3878 662 3908 summa
683 3867 764 3912 trudet
779 3867 911 3929 luxuriae]
931 3883 954 3925 p.
973 3872 1000 3917 S.
1020 3895 1052 3906 -
1070 3886 1182 3918 aurumne
1202 3881 1255 3919 tro:

262 3931 306 3977 dat
323 3932 441 3977 luxoriae
459 3933 489 3977 Ρ.
508 3935 539 3979 R.
558 3932 603 3993 (-—
620 3935 719 3981 denium
735 3938 764 3982 R.
785 3953 799 3983 a
822 3952 871 3985 sse.
894 3939 986 3999 mann.)
1026 3938 1082 4002 (tt)
1099 3941 1136 3988 Et
1151 3934 1270 4006 dietum]⁴
