2834 4630
1092 255 1133 321 15

148 425 188 491 In
209 424 275 511 quo
298 419 422 485 iactura
443 406 524 480 levis
546 424 610 489 est,
633 432 728 498 quam
748 409 871 507 fortem
889 403 1010 479 virum,

150 526 215 609 Qui
234 547 308 591 casu
327 520 431 586 victus
451 514 638 583 temeritatis
659 527 691 578 te
713 522 839 597 arguat.
1092 503 1135 568 tt

148 627 296 694 Assensit
318 627 461 710 Magnus
481 633 514 686 et
534 616 681 704 permisit
700 615 796 680 militi
845 636 848 644 ’

146 729 288 798 Prodire
311 738 444 802 coutra3
467 722 524 811 qui
542 721 677 786 mirante
698 719 859 792 exercitu,

148 833 249 900 Dicto
267 829 402 898 celerius
422 826 525 892 hostis
550 823 688 890 abscidit
709 831 806 904 caput

146 936 334 1021 Victorque
355 930 464 998 rediit.
508 928 573 994 His
593 939 669 993 tunc
690 919 867 1007 Pompeius
888 942 1004 1007 super:

150 1039 302 1114 Corona,
326 1035 432 1112 miles,
455 1033 601 1119 equidem
621 1042 653 1094 te
678 1031 766 1094 dono
787 1026 910 1102 libens,
1095 1023 1136 1086 30

150 1143 249 1225 Quod
271 1135 441 1223 vindicasti
462 1135 586 1201 laudem
611 1130 749 1199 Romani
765 1126 900 1213 imperia

154 1245 219 1309 Sed
238 1226 454 1309 exstillescant
476 1237 565 1304 oculi
586 1235 651 1313 sic,
673 1232 794 1321 inquit,
818 1232 895 1310 mei,

151 1350 264 1431 Turpe
286 1343 367 1410 illud
386 1341 512 1434 imitans
531 1339 581 1404 ius
601 1339 769 1404 iurandum
789 1335 915 1413 militis,

150 1449 226 1517 Nisi
243 1460 279 1514 tu
300 1445 458 1514 abstulisti
480 1442 621 1510 moines
641 1464 744 1526 nuper
764 1462 862 1505 mens.
887 1526 891 1540 Ι

558 1672 657 1732 [rau.
677 1672 725 1733 m]

321 1791 456 1870 anuo,
479 1752 634 1860 venus
656 1794 718 1858 nr
741 1790 970 1859 annuus.
1027 1808 1028 1811 κ

487 1935 636 1991 Aduersus
663 1936 801 1989 mulieres·

186 2072 304 2155 Quum
328 2066 503 2134 castitatem
523 2052 607 2134 Iuno
629 2068 774 2132 laudaret
795 2087 899 2143 suam,

153 2178 269 2244 Iocum
284 2169 436 2260 ‚agitandi
458 2191 585 2236 causam
607 2193 673 2238 uon
695 2168 836 2255 reppulit
853 2170 983 2246 Venus,

112 2270 118 2287 '
155 2278 349 2364 Nullamque
371 2287 407 2340 ut
427 2274 603 2340 affirmaret
624 2297 694 2340 esse
714 2273 763 2338 illi
783 2293 915 2358 parem,

155 2385 380 2466 Interrogasse
401 2377 449 2444 sic
469 2378 618 2466 gallinam
640 2378 779 2445 dicitur:

155 2484 222 2551 Dic
243 2486 354 2560 sodes,
376 2494 496 2569 quanto
514 2481 620 2568 possis
639 2482 748 2547 satiari
773 2462 872 2549 cibo(

156 2585 338 2671 Respondit
355 2584 431 2650 illa:
455 2584 620 2673 Quicquid
642 2586 768 2652 dederis
787 2585 864 2651 satis
886 2566 967 2663 erit3

159 2690 232 2769 Sic,
254 2700 291 2753 ut
311 2692 469 2755 concedas
489 2689 625 2774 pedibus
644 2689 769 2778 aliquid
788 2691 946 2775 scalpere.

158 2795 211 2860 Ne
231 2792 372 2875 scalpas,
394 2791 517 2878 inquit,
540 2793 617 2857 satis
633 2804 681 2859 est
703 2793 828 2860 modius
848 2790 976 2860 tritici?
1038 2817 1039 2820 ¹

158 2897 277 2972 Plane,
299 2893 398 2958 immo
419 2894 548 2958 nimium
570 2907 632 2972 est,
655 2900 711 2961 sed
731 2898 880 2980 permitte
901 2898 1060 2983 scalpere.
1125 2928 1129 2937 ¹

160 3001 217 3066 Ex
231 3008 321 3074 toto,
343 3017 383 3061 ne
402 2995 479 3082 quid
502 2997 645 3080 scalpas²
664 2998 744 3085 quid
762 3000 947 3067 desideras?
1106 3002 1148 3065 10

161 3105 246 3169 Tum
264 3098 399 3187 denique
420 3098 475 3164 illa
495 3099 581 3165 fassa
603 3111 652 3164 est
672 3113 803 3167 naturae
825 3103 961 3170 malum:

164 3317 224 3363 vat.
242 3308 343 3370 (Neap.)
375 3335 408 3346 -
442 3311 609 3358 Iucunditatis
626 3327 732 3359 caueam
749 3316 770 3360 Ι.
789 3315 821 3360 Ζ.
856 3315 975 3375 Equidem
996 3331 1043 3363 non
1061 3319 1147 3376 vldeo,

165 3383 286 3444 quomodo
301 3382 340 3426 hio
357 3382 435 3427 locum
453 3382 540 3428 habeut
555 3382 700 3430 iucunditas
720 3398 764 3441 pro
780 3399 824 3440 eo,
844 3389 907 3444 quod
924 3387 1053 3433 manifesto
1067 3390 1149 3447 requi·

161 3457 241 3508 titur,
260 3452 314 3498 scil.
332 3451 396 3496 ioco.
432 3450 485 3497 cfr.
503 3466 567 3497 vers.
589 3450 630 3499 13.
668 3453 731 3500 Ibid.
751 3454 871 3516 reppulit]
891 3457 911 3501 1.
930 3458 962 3503 Z.
986 3477 1021 3493 -
1050 3460 1150 3517 repellit
1210 3438 1213 3457 Ι

165 3527 225 3570 vat.
244 3520 321 3576 Neap.
364 3584 365 3589 1
385 3516 476 3579 (3)-
493 3519 664 3583 Naturamque
682 3522 827 3587 affirmaret
850 3532 877 3571 ut
892 3541 915 3575 e.
935 3528 954 3572 ἰ.
970 3542 1000 3587 p.
1018 3524 1150 3586 Exeanplar

164 3596 250 3641 anem.
271 3589 343 3648 (utini
360 3592 453 3637 videtur
470 3604 536 3636 mera
555 3594 619 3638 coni.
638 3596 676 3640 vel
694 3593 841 3650 Burmanni,
868 3599 907 3642 vel
924 3598 1051 3655 uomitus,
1078 3614 1149 3658 quum

165 3660 277 3709 tannellii
290 3660 362 3704 editio
374 3674 456 3705 mance
466 3662 590 3708 exhibeat:
610 3661 635 3709 N
645 3695 652 3708 .
664 3694 671 3708 .
685 3665 713 3710 l.
726 3680 787 3724 .pue
802 3671 828 3710 ut
837 3661 983 3729 affirmaret
992 3670 1061 3722 esee)
1072 3671 1102 3715 B.
1118 3671 1148 3715 Z.

166 3729 337 3786 Tranepositio
362 3735 439 3775 tumen
465 3733 528 3775 coni.
549 3738 575 3776 ut
591 3733 688 3778 minime
706 3736 792 3790 placet.
829 3736 905 3792 vide,
925 3752 954 3783 ne
974 3741 1091 3786 sententia
1110 3755 1150 3784 re·

168 3804 262 3861 quirat:
281 3797 430 3858 Nullamque
442 3806 468 3844 ut
478 3797 622 3862 affirmaret
631 3815 687 3846 ease
699 3804 749 3848 atet
760 3804 898 3862 imparem,
917 3808 1007 3852 nullam
1024 3810 1151 3853 mulierem

167 3872 299 3917 cautiorem
321 3882 374 3917 esse
397 3870 448 3923 ipsa
465 3872 570 3916 Venere.
631 3864 670 3927 Ι(5)
684 3871 782 3931 poesis]
807 3874 884 3931 Neap.
909 3897 942 3909 -
973 3890 1067 3936 possea
1092 3881 1149 3923 Vat.

69 3969 72 3975 ›
168 3939 211 4000 (8)
229 3940 349 3997 „Reliqua
361 3940 446 3984 eadem
463 3952 563 3993 prorsus
581 3945 635 3984 sunt
653 3947 702 3985 tum
720 3944 744 3988 in
761 3944 819 3989 Vnt.
835 3946 916 3992 codiee
934 3952 985 3992 turn
1001 3948 1026 3992 in
1047 3947 1151 3991 editione
