2870 4626
159 465 234 528 Hos
255 461 320 526 fuci
339 461 456 525 inertes
478 482 546 525 esse
568 462 713 526 dicebant
736 482 823 527 suos.

158 566 220 629 Lis
243 568 282 627 ad
303 565 408 634 fornum
431 567 561 633 deducta
584 575 654 639 est,
678 585 773 646 vespa
795 564 915 629 iudice:

163 669 255 748 Quae
277 689 376 752 genus
398 679 565 751 utrumque
587 680 694 732 nosset
716 689 811 751 quum
833 667 1061 748 pulcherrime,

160 773 288 855 Legem·
307 772 427 833 duabus
449 772 530 832 hanc
550 771 719 853 proposuit
739 770 902 853 partibus:
1082 780 1085 787 '
1134 771 1152 834 5

160 877 238 937 Non
259 873 481 938 inconveniens
504 895 622 956 corpus
643 884 674 935 et
695 895 755 955 par
777 887 823 935 est
846 873 963 948 color,

160 979 200 1040 ln
224 976 347 1046 durbium
370 976 464 1059 plene
486 997 536 1043 res
560 987 593 1045 ut
618 975 730 1039 merito
754 976 887 1039 venerit.

160 1082 225 1143 Sed
247 1101 285 1143 ne
307 1079 423 1163 religio
445 1091 555 1161 peccet
575 1079 744 1160 inprudens
768 1100 855 1153 mea,

142 1182 268 1255 sAlros
291 1181 421 1264 accipite
443 1193 474 1243 et
495 1179 575 1249 ceris
597 1202 677 1263 opus
699 1180 873 1258 infundite,

101 1320 109 1338 κ
162 1287 208 1351 Ut
230 1308 270 1348 ex
290 1306 406 1369 sapore
428 1285 528 1348 mellis
551 1295 582 1347 et
602 1284 706 1348 forma
726 1283 810 1361 fevi,
1114 1287 1154 1351 10

158 1389 213 1465 De
235 1390 305 1473 quis
326 1409 409 1450 nrrne
431 1387 556 1473 agitur,
581 1397 694 1450 auctor
716 1389 829 1456 horum
852 1400 1016 1470 appareat.

160 1492 241 1556 Fuci
262 1502 424 1554 recusant:
448 1491 561 1571 apibus
583 1487 723 1552 conditio
744 1490 860 1571 placet.

161 1597 255 1658 Tunc
276 1594 328 1656 illa
349 1593 441 1666 talem
463 1592 621 1667 †suetulit
641 1593 844 1662 sententiam:
879 1668 890 1684 .

156 1699 317 1777 Apertum
340 1708 388 1759 est
409 1693 478 1779 quis
498 1717 562 1758 non
584 1695 704 1777 possit,
729 1707 759 1756 et
781 1696 850 1779 quis
871 1695 995 1768 fecerit.

159 1800 370 1882 Quapropter
391 1799 501 1881 apibus
523 1797 659 1860 fructum
682 1798 817 1867 restituo
839 1821 941 1873 snum,
1115 1801 1153 1871 15

191 1906 294 1971 Hanc
314 1901 536 1985 praeterissem
558 1899 695 1963 fabulam
719 1898 865 1977 silentio,

159 2006 196 2070 Si
216 2019 342 2089 pactam
359 2004 426 2068 fuci
447 2027 511 2073 non
532 2012 729 2077 recusassent
750 2002 854 2078 fidem,

556 2236 653 2308 [run.
673 2235 761 2308 mu]

347 2385 408 2451 DE
431 2387 550 2452 LUSU
571 2389 633 2451 ET
656 2386 965 2459 SEVERITATE.

201 2528 381 2603 Puerorum
404 2527 436 2590 in
458 2528 550 2598 turbe
573 2526 697 2612 quidam
720 2528 876 2590 ludentem
901 2526 1027 2597 Atticus

159 2630 326 2710 Aesopum
347 2629 481 2694 nucibus
503 2652 599 2714 qumn
621 2630 769 2706 vidisset,
794 2631 909 2694 restitit

157 2732 203 2795 Et
224 2731 315 2816 quasi
336 2732 466 2801 delirum
491 2732 571 2807 risit.
616 2733 712 2823 Quod
734 2734 830 2803 sensit
852 2734 942 2804 simul
1008 2797 1013 2815 ‚

155 2832 297 2904 Derisor
317 2834 423 2917 potius
446 2857 538 2917 quam
560 2835 748 2919 deridendus
771 2858 886 2914 senex,

98 3017 102 3023 .
162 2936 285 2998 Arcum
309 2947 466 3000 retensum
488 2937 597 3019 posuit
617 2937 647 3000 in
670 2940 771 3002 media
793 2943 865 3004 via:
1132 2942 1152 3015 5

158 3036 268 3111 Heusl
289 3038 411 3121 inquit,
435 3040 578 3122 sapiens,
602 3041 734 3124 expedi,
759 3043 835 3126 quid
856 3043 1000 3112 fecerim.

209 3277 269 3331 em,
289 3277 360 3322 1111.
398 3276 436 3336 (1)
454 3276 516 3337 olto]
535 3280 566 3329 N.
583 3295 606 3336 p.
628 3281 653 3328 S.
674 3302 703 3323 -.-
724 3282 776 3325 uida
794 3281 827 3330 1².-
841 3296 866 3340 ς.
903 3281 987 3338 (triu.)
1004 3297 1097 3342 quercu
1110 3279 1153 3342 so.

157 3344 255 3406 cerunt]
278 3361 303 3403 p.
336 3348 361 3392 S.
394 3368 423 3379 -
447 3344 568 3407 fecerunt
596 3364 689 3409 prterou
716 3350 746 3395 N.
776 3371 805 3382 -
830 3366 922 3409 quercu
934 3350 1054 3411 fecerunt
1072 3350 1102 3397 P.
1121 3355 1152 3400 tt.

157 3413 196 3473 (2)
214 3440 248 3462 -,-
265 3417 321 3461 cuir
344 3431 369 3476 g.
405 3414 442 3473 (3)
472 3441 504 3451 -
533 3417 639 3463 deducta
660 3418 694 3463 nd
709 3416 797 3478 sorum
815 3426 853 3464 ert
870 3421 901 3465 N.
920 3424 997 3466 altero
1026 3412 1095 3480 loco3
1115 3423 1153 3468 his
1188 3476 1189 3479 Ἰ

156 3487 221 3529 enim
253 3486 313 3530 hene
341 3487 413 3531 habet
440 3487 553 3532 fabulam.
600 3489 659 3532 Mox
689 3489 720 3533 N.
752 3490 822 3534 habet
848 3496 933 3534 nosset
946 3524 953 3547 ,
985 3506 1032 3536 non
1056 3499 1151 3538 noscet.
1192 3541 1195 3547 ,

156 3546 193 3610 (ὅ)
210 3575 243 3595 .-
262 3555 370 3600 duarum
387 3556 464 3600 Brun.
489 3558 568 3602 tacite.
605 3558 711 3604 Hebetne
739 3560 774 3602 sic
794 3558 824 3603 P.
854 3575 882 3603 en
904 3566 940 3604 est
963 3575 1012 3605 err.
1037 3560 1153 3621 [ηυρλ
1250 3578 1255 3582 ’

153 3622 189 3679 (6)
210 3635 242 3667 =
262 3625 330 3669 coloe
348 3625 377 3670 11.
398 3640 411 3680 p
430 3639 467 3680 pr.
490 3641 523 3671 m.
560 3625 597 3682 (9)
614 3626 698 3686 Aluos]
716 3629 746 3671 P.
767 3628 797 3672 11.
818 3630 843 3673 S.
863 3654 895 3674 v
914 3632 996 3674 alueos
1016 3631 1046 3676 N.
1061 3633 1106 3676 bis.
1126 3646 1150 3686 p.
1207 3678 1210 3685 ,

154 3692 213 3750 (11)
231 3692 299 3753 quis]
317 3694 348 3738 N.
373 3708 397 3749 p.
425 3688 513 3739 S.'—
537 3696 626 3755 quibus
651 3697 681 3740 P.
700 3697 730 3741 R.
779 3696 835 3755 (12)
855 3723 886 3744 -,-
898 3696 958 3758 suri
980 3701 1010 3744 P.
1048 3700 1100 3756 (13)
1121 3721 1150 3732 -·

158 3761 220 3808 Tum
236 3764 266 3809 P.
288 3763 386 3821 (saltem
406 3778 435 3809 ex
453 3766 524 3824 Berg.
543 3766 602 3822 Ed.)
638 3766 721 3821 (thid.)
741 3766 852 3827 sustulit]
871 3770 899 3814 Ρ.
919 3770 949 3813 11.
970 3784 994 3826 p.
1015 3775 1152 3825 corruptum

155 3834 248 3878 videtur
267 3846 311 3878 ex:
338 3834 387 3888 itit,
413 3834 451 3878 eis
469 3836 534 3878 tulit.
570 3835 719 3881 Arbitrarine
741 3841 820 3882 autern
841 3844 974 3884 correctt.:
996 3859 1025 3870 -
1049 3838 1153 3896 pertulit

157 3901 186 3946 N.
208 3905 287 3948 attero
302 3904 366 3947 loco.
386 3903 505 3962 Coningh.
527 3925 556 3936 -
572 3906 679 3962 protulit
697 3905 727 3950 N.
747 3908 824 3951 attero
849 3908 916 3952 loco.
932 3910 957 3952 S.
981 3930 1008 3942 -·
1029 3907 1150 3952 sententio

154 3985 176 4030 g.
197 3973 254 4032 (non
272 3972 316 4028 P.)
352 3970 407 4029 (11)
425 3971 534 4033 etquis]
553 3974 583 4021 N.
603 3999 636 4010 -
655 3982 698 4021 cut
716 3976 771 4035 quir
788 3977 818 4021 P.
838 3977 869 4021 11.
890 3993 912 4034 p.
933 3979 958 4022 S.
