2834 4630
147 278 204 348 Ὁ
269 302 331 364 210

272 420 521 524 Mercuriusque
544 440 648 514 celer,
670 459 782 523 reguo
796 439 942 522 caelique
965 438 1123 501 verendus

272 544 419 626 luppiter
441 555 472 606 et
492 542 575 604 tristi
598 543 754 604 Saturnus
776 542 892 607 lumine
911 531 1034 605 tardus.
1256 540 1275 602 5

274 647 430 711 Omnibus
453 644 640 728 bisgemini
664 657 784 719 motus3
808 666 945 728 qnorum
968 644 1049 706 alter
1072 645 1113 704 ab
1134 641 1212 726 ipsis

272 750 424 813 Nascitur
446 761 478 811 et
499 749 660 830 proprios¹
676 748 813 810 ostendit
836 747 939 810 sidere
956 747 1065 822 uisos,

272 855 379 932 (Tunc
401 854 547 914 mundum
572 853 706 913 subeunt
729 850 814 913 lento
837 852 917 931 pede
928 852 955 929 a)
977 847 1123 912 concitus
1145 849 1226 913 alter

270 956 397 1018 Invitos
419 955 505 1036 rapit
526 965 558 1016 et
580 955 660 1017 caeli
682 954 887 1019 circumrotat
910 954 1035 1032 orbem.

271 1060 388 1120 Annua
411 1059 467 1121 Sol
491 1057 609 1120 medius
632 1056 776 1141 desigudt
798 1068 963 1136 tempora,
989 1056 1122 1120 Phoebe
1235 1058 1293 1116 101

272 1162 461 1234 Menstrna3
486 1183 619 1244 namque
642 1181 725 1222 anno
749 1161 855 1222 Solem
876 1179 1018 1221 remeare
1042 1157 1163 1221 videbis
1179 1202 1196 1233 ,-

196 1272 200 1277 “
271 1264 419 1326 Moverit
440 1266 522 1326 unde
545 1285 621 1326 snos
644 1284 757 1325 currus
781 1284 839 1343 per
862 1263 951 1344 signa
977 1261 1133 1324 volantes.
1222 1270 1232 1295 s
1283 1286 1286 1293 ⁴

272 1367 348 1429 Hoc
368 1366 495 1450 peragit
518 1366 653 1447 spatium
676 1364 827 1427 breviore
850 1363 979 1427 citatior
1001 1366 1082 1427 orbe

271 1470 418 1531 Mensem
441 1468 619 1550 expleturis
640 1469 774 1532 Phoebe
796 1480 946 1531 contenta
969 1465 1093 1529 diebus.

272 1573 408 1636 Annuus
430 1584 477 1634 est
499 1571 623 1634 Veneri
645 1591 774 1645 cursus,
800 1593 902 1652 neque
924 1570 1047 1633 tardior
1069 1570 1123 1633 illa
1234 1571 1271 1634 15

270 1673 473 1736 Mercurius:
497 1675 590 1737 binos
613 1672 774 1739 Gradivus
795 1674 919 1755 perlicit
942 1676 1051 1736 orbes.

272 1775 1117 1813 ermendrannus-esai

726 2030 803 2110 iv.

333 2207 517 2273 Priscianus
546 2209 577 2272 in
610 2208 696 2272 libro
727 2208 769 2270 de
796 2208 977 2291 ponderib.
1007 2220 1041 2272 et
1063 2230 1216 2273 mensur.
1239 2233 1272 2293 p.

186 2294 190 2311 ⁴
269 2312 345 2377 859.
380 2313 512 2379 Putseh.
542 2312 659 2378 Krebl.
715 2312 796 2376 Vol.
823 2313 855 2374 2.
889 2335 924 2395 p.
959 2313 1052 2376 402:
1086 2311 1208 2377 Caesar
1243 2317 1273 2377 in

269 2415 395 2478 Arato:

259 2590 263 2595 ,
566 2552 607 2561 -
631 2514 700 2581 Cur
721 2516 817 2581 divite
839 2518 947 2603 lingua

267 2620 439 2696 †Graecia
461 2641 666 2702 praecurram
689 2619 796 2703 potins
819 2643 914 2704 qnam
937 2622 1093 2708 triangula
1115 2624 1241 2688 dicam?

270 2822 308 2882 (5)
327 2844 359 2858 -
377 2829 401 2868 et
417 2823 510 2867 liariter
518 2821 585 2877 laic)
604 2822 731 2866 Saturnus
749 2823 778 2881 Ε.
822 2822 862 2884 (8)
880 2845 914 2857 -
928 2825 992 2883 pede
1010 2828 1075 2870 alter
1093 2841 1142 2871 om.
1161 2827 1284 2871 concitus

268 2894 300 2938 Ε.
321 2890 381 2950 (non
401 2894 445 2942 B.)
480 2892 516 2948 (9)
539 2891 713 2951 circumrorat]
732 2894 786 2953 gsb.
806 2913 840 2924 -
857 2895 1034 2941 circumnatat
1050 2897 1125 2942 ΒΕΘ.
1161 2891 1222 2958 (10)
1240 2922 1272 2930 -

269 2971 379 3021 tempore
397 2964 425 3007 Β.
446 2960 504 3020 (nou
520 2961 563 3017 F..)
583 2984 613 2998 ·-
631 2961 738 3007 Phoebes
757 2963 830 3008 BEG.
875 2964 930 3020 (11)
948 2980 1054 3025 numque
1071 2964 1147 3024 anno]
1166 2968 1219 3026 gsb.
1239 2991 1271 3000 -

269 3048 328 3079 num
346 3047 395 3092 qua
413 3032 564 3078 unnoBEG.
602 3027 663 3093 (12)
683 3043 714 3076 =
736 3034 907 3079 coluntiaBF..
943 3030 1003 3098 (15)
1022 3038 1132 3094 spatium
1149 3034 1272 3096 breviore]

269 3105 377 3163 gad)..-
396 3104 478 3160 spatio
502 3103 599 3146 brevior
617 3103 691 3148 BEG.
741 3105 767 3148 lu
795 3105 824 3147 Β.
843 3118 965 3160 superser.
985 3107 1021 3165 ς’,
1051 3112 1076 3151 ut
1094 3109 1139 3163 sit;
1164 3106 1272 3151 brevior·

270 3189 325 3234 que.
375 3171 429 3230 (lt)
447 3172 572 3232 contentu}
590 3173 644 3237 gab.
666 3195 695 3205 -
716 3179 837 3217 contemto
854 3175 884 3222 E.
914 3199 947 3210 -
971 3182 1111 3235 contempta
1128 3178 1180 3221 BG.
1217 3176 1271 3232 (15)

268 3262 304 3278 -
320 3244 409 3289 Annua
425 3245 454 3288 B.
492 3241 550 3301 (15)
568 3268 601 3278 -
620 3241 735 3298 Gradiue
752 3243 783 3287 E.
806 3254 837 3288 =
856 3245 926 3289 orbis
944 3246 975 3293 E.

260 3356 264 3371 ι
321 3333 364 3378 lv.
384 3333 479 3376 Addidit
502 3334 548 3376 hoc
570 3332 729 3391 fragmentum
746 3331 917 3378 Schwartzius.
963 3331 998 3389 (2)
1017 3336 1056 3379 Sic
1082 3334 1143 3380 Cod.
1163 3334 1270 3379 Eiusied-

269 3405 343 3447 lensis
365 3401 485 3448 Prisciani
512 3407 536 3446 et
571 3403 653 3460 Edd.;
695 3403 718 3445 id
745 3403 808 3459 quod
836 3397 938 3463 intelligi
971 3407 1061 3460 nequit.
1113 3405 1270 3451 schwartzius

260 3473 377 3517 solebat:

339 3540 440 3587 Graeca
457 3540 615 3612 τρίςγωνον
632 3540 689 3600 (sie)
702 3546 789 3613 potius
807 3556 883 3605 quam
899 3543 1032 3604 triangula
1049 3543 1150 3588 dicum?

269 3614 316 3658 Sed
335 3614 428 3657 videtur
446 3613 491 3657 bor
508 3614 618 3670 requiri:
701 3616 706 3625 ”

549 3680 598 3726 Gur
616 3681 692 3728 dieite
708 3685 799 3745 lingua

338 3751 450 3799 Graecia
464 3752 636 3810 praecurrat?
650 3756 750 3813 potius,
770 3769 844 3815 quom
862 3755 1008 3814 triangulo,
1028 3752 1111 3798 dicum

257 3844 261 3852 -
338 3824 420 3884 Signa
437 3822 557 3882 trigono?
593 3846 626 3856 -
662 3849 694 3858 -
733 3847 758 3856 -
801 3845 830 3857 -

224 3944 227 3953 ¹
268 3896 329 3939 Voe.
361 3895 493 3954 triangula
516 3893 593 3936 tribus
617 3895 715 3946 syllabis
745 3901 856 3939 constare
887 3895 961 3949 iecit,
996 3900 1113 3950 uteunque
1140 3894 1269 3939 scribetur.

268 3965 319 4010 lam
343 3965 387 4010 cir.
413 3963 539 4009 Manilium
564 3960 597 4018 2,
628 3961 688 4010 276.
724 3963 757 4008 Et
773 3979 932 4025 quaeeunque
942 3962 1026 4028 ferit,
1056 3964 1174 4010 dicuntur
1192 3966 1272 4025 aigne
