2870 4626
220 327 259 393 70
362 346 364 351 ’

249 463 400 531 'Maritus
422 462 545 545 qttidam
569 484 663 545 quum
687 460 831 543 diligeret
852 458 1017 542 coniugem

222 567 410 649 Togamque
431 586 541 646 puram
564 564 622 626 iam
644 574 773 646 pararet
793 562 880 635 filio,
1177 563 1222 621 10

220 671 374 734 Seductus
395 666 427 728 in
450 678 604 731 secretum
627 688 642 729 a
666 666 782 728 liberto
805 675 853 726 est
874 683 952 738 suo,

221 773 376 853 Sperante
398 771 543 835 heredem
565 768 666 831 suffici
688 789 722 830 se
743 767 941 848 proximum,

221 871 285 956 Qui
307 894 403 961 quum
419 874 462 935 de
484 893 586 953 puero
609 870 702 932 multa
726 861 870 931 mentitus
892 859 978 930 foret

219 976 264 1046 Et
284 976 374 1057 plura
398 976 436 1036 de
457 972 584 1057 flagitiis
607 984 711 1037 castae
734 970 893 1047 mulieris,
986 1029 988 1033 .

217 1077 344 1145 Adiecit
365 1076 415 1154 id,
440 1078 527 1161 quod
549 1075 703 1137 sentiebat
726 1073 858 1137 maxime

217 1176 402 1251 Doliturum
425 1177 560 1252 amanti,
587 1177 740 1240 ventitare
763 1176 938 1239 adulterum

219 1283 406 1365 Stuproque
427 1279 513 1362 turpi
534 1278 635 1361 pollui
655 1279 768 1341 lamam
790 1281 914 1342 domus.

217 1384 370 1453 Incensus
391 1383 444 1449 ille
464 1383 547 1447 falso
570 1381 678 1445 uxoris
701 1381 829 1444 crimine

222 1485 387 1550 Simulavit
407 1485 469 1548 iter
488 1487 529 1547 ad
550 1484 656 1546 villam
680 1484 822 1568 clamque
844 1483 876 1545 in
898 1463 1018 1565 oppid‘o

220 1588 388 1657 Subsedit:
412 1587 523 1650 deinde
546 1577 643 1650 noctu
665 1587 770 1651 subito
792 1586 913 1648 ianuam
1172 1584 1215 1646 20

218 1688 374 1766 Intravit,
397 1701 485 1755 recta
507 1688 687 1752 cubiculum
710 1689 821 1751 rexeris
843 1700 971 1770 petens,

218 1794 256 1865 In
280 1815 344 1876 quo
366 1791 505 1857 dormire
527 1803 627 1855 mater
650 1803 755 1855 natum
778 1792 930 1868 iusserat,

218 1885 364 1963 Aetatem
387 1896 522 1959 adultam
544 1916 676 1958 servans
698 1893 890 1977 diligentius.

217 1999 302 2068 Dum
325 2008 479 2082 quaerunt
499 1998 621 2072 lumen,
646 1999 717 2058 dum
741 2006 931 2061 concursant
951 1994 1085 2071 familia,

217 2101 290 2169 Irae
311 2100 445 2163 furentis
468 2099 616 2180 impetum
639 2120 702 2161 non
725 2099 881 2161 sustinens
1174 2098 1214 2162 25

203 2203 270 2270 -Ad
291 2205 406 2277 lectrum
428 2201 568 2275 accedit,
598 2213 698 2264 tentat
720 2201 751 2263 in
774 2200 913 2266 tenebris
936 2212 1042 2281 caput.

218 2307 264 2371 Ut
285 2305 378 2369 sentit
399 2292 543 2379 tonsum,
567 2304 675 2387 gladio
696 2315 809 2386 pectus
831 2302 996 2388 transigit,

216 2408 303 2473 Nihil
326 2406 519 2491 respiciens,
543 2409 616 2468 dum
639 2406 782 2470 delorem
805 2405 954 2474 vindicet.

215 2514 362 2579 Lucerna
387 2510 508 2584 adlata,
533 2509 624 2573 simul
647 2493 793 2591 adspexit
814 2509 911 2571 filium

217 2617 425 2698 Sanctamque
448 2633 580 2677 sanorem
604 2611 811 2679 dormientem
833 2612 999 2690 cubiculo,
1171 2613 1216 2675 30

216 2715 328 2796 Sopita
350 2715 454 2797 primo
476 2734 556 2798 quae
579 2715 621 2776 nil
644 2733 756 2776 somno
779 2727 940 2790 senserat,

184 2902 187 2909 .
216 2817 483 2900 Repraesentavit
504 2816 535 2880 in
558 2837 591 2879 se
613 2837 747 2898 poenam
770 2817 921 2881 facinoris

215 2922 259 2994 Et
281 2921 370 2989 lerro
392 2918 553 2994 incubuit,
577 2921 666 3001 quod
689 2918 859 2982 credulitas
881 2920 1066 2989 strinxerat.

215 3025 430 3097 Accusatores
453 3022 652 3107 postularunt
676 3023 837 3091 nuilierem

214 3269 268 3328 (26)
285 3269 390 3330 accedit]
408 3272 438 3318 Ρ.
456 3272 487 3319 lt.
508 3285 532 3327 p.
551 3280 590 3318 eo
607 3268 674 3321 eadit
697 3268 727 3320 N·
747 3269 828 3324 (prob.
854 3270 949 3326 Burm.)
968 3273 994 3321 s.
1017 3273 1059 3329 (ς
1081 3277 1166 3319 tameat
1182 3275 1212 3327 Ρ,

213 3342 243 3396 Β.
263 3339 300 3398 p.)
336 3340 392 3400 (27)
410 3366 443 3386 -.·
461 3342 541 3391 sensit
558 3340 589 3386 N.
627 3338 712 3395 (lbid.)
741 3338 873 3400 transigit]
899 3342 1019 3401 Bongars.
1044 3343 1103 3388 llitt.
1132 3345 1158 3388 S.
1178 3367 1212 3378 -

213 3409 387 3472 transfigent),
416 3413 447 3460 Β.
468 3411 548 3465 N.p.
584 3407 641 3465 (28)
659 3407 731 3461 Nihil
753 3410 907 3467 respiciens,
938 3410 1006 3471 dein]
1031 3411 1062 3457 N.
1087 3426 1111 3468 p.
1132 3415 1157 3459 S.
1178 3437 1212 3456 -9

211 3478 276 3533 petit
291 3482 318 3525 in
338 3479 522 3538 respiciendum
545 3481 575 3529 Ρ.
592 3480 622 3522 ll.
650 3479 689 3527 (ln
707 3479 751 3522 boc
772 3486 921 3535 correctum,
941 3483 1099 3535 probabiliter
1118 3484 1213 3535 demum

139 3610 143 3613 .
213 3550 266 3597 Sec.
285 3549 367 3594 xvtl.
387 3564 416 3594 ex
434 3549 515 3604 Edd.)
553 3546 610 3607 (31)
638 3546 685 3606 nil]
710 3547 741 3594 Ν.
762 3562 786 3604 p.
812 3551 837 3594 S.
858 3574 891 3584 -
909 3548 974 3594 nibil
990 3552 1020 3595 Ρ.
1040 3565 1065 3610 5.
1103 3549 1160 3606 (st)
1181 3575 1213 3594 -η
1255 3554 1262 3561 ”

207 3619 368 3687 postolorunt
387 3619 416 3662 Ρ.
447 3624 471 3676 g.
510 3615 618 3675 (361-.
638 3615 736 3677 Magno
753 3619 900 3662 insolentem
919 3619 994 3675 (non:
1027 3620 1160 3677 insontem)
1180 3622 1211 3666 N.

210 3690 256 3741 (-
274 3688 400 3744 suspectio
418 3688 550 3746 Bongars.)
585 3683 645 3747 (37)
663 3687 824 3743 -possidet
845 3688 875 3732 N.
914 3686 972 3743 (39)
989 3690 1053 3743 „llic
1071 3705 1155 3737 versus
1174 3691 1212 3749 (in

209 3757 240 3812 Ρ.
259 3763 284 3802 st
301 3755 347 3812 ll.)
366 3762 476 3810 exaratus
495 3761 531 3803 est
551 3757 626 3800 literis
650 3756 786 3803 ineiuseulis
807 3759 936 3813 iisdemque
958 3758 1102 3814 rubricatis,
1135 3761 1211 3804 instar

209 3827 298 3872 titoli.''
316 3827 392 3877 Beue.
407 3848 446 3871 ·-,
472 3822 619 3886 Pontificem
638 3825 779 3875 inanimum
806 3833 929 3886 rogarunt
949 3826 1046 3873 indices
1073 3827 1210 3877 Christiani

209 3897 321 3957 intes-pol.
342 3896 373 3941 N.
419 3892 479 3955 (ll)
497 3891 611 3957 Quondo]
631 3895 670 3940 sie
687 3895 717 3939 N.
743 3895 860 3955 -qnod
876 3897 906 3941 P.
925 3897 955 3941 R.
976 3911 999 3952 p.
1017 3900 1043 3946 S.
1060 3897 1109 3955 (—
1128 3905 1211 3949 terror

208 3966 254 4023 N.)
288 3964 344 4024 (42)
371 3962 486 4035 dispulit]
511 3979 536 4031 p.
565 3966 590 4017 S,
611 3987 643 4007 -·.
670 3963 769 4015 distulit
787 3967 817 4019 P.
836 3980 860 4028 g.
905 3967 931 4015 ln
950 3966 980 4015 N.
1000 3980 1037 4012 vv.
1059 3964 1101 4012 42.
1123 3972 1149 4013 et
1166 3965 1208 4019 43.
