2864 4622
240 288 301 351 15⁰

302 414 440 491 Tribus*
453 448 517 512 ego
547 418 712 510 praeterea
740 426 889 493 subsidiis
912 429 1016 503 carni,
1054 428 1248 493 editionibus

238 528 281 596 C.
311 530 352 594 F.
385 529 556 605 Schmidii,
595 531 749 606 Halmae,
799 532 986 596 recensione
1015 532 1246 609 Schaubachii,

213 633 285 697 vv.
323 630 367 696 C.
424 633 516 696 Haec
554 644 718 714 postrema
750 647 936 719 asservatur
972 635 1003 697 in
1047 635 1254 709 Bibliotheca

174 782 178 787 ·
239 735 464 801 Universitatis
494 735 672 817 Lipsiensis
703 746 796 819 atqtte
830 737 960 799 omnino
989 750 1125 821 propter
1154 760 1250 822 egre-

238 837 307 924 gias
336 838 559 904 obscuriorum
581 840 728 903 locorum
757 839 1035 921 interpretationes
1066 841 1249 925 dignissima

237 953 305 1018 est,
330 960 412 1026 quiae
424 939 546 1022 publici
560 939 638 1003 iuris
653 940 720 1001 liat.
765 939 890 1001 Verum
906 953 977 1003 ante
992 944 1051 1006 bos
1067 954 1133 1007 tres
1148 964 1250 1007 annos

235 1063 334 1127 qurum
343 1042 381 1107 in
390 1038 559 1105 Ciceronis
577 1042 706 1105 Arateis
716 1041 873 1122 permissu
885 1042 984 1122 ipsius
994 1046 1203 1109 Schaubaebii
1216 1057 1249 1110 et

236 1142 401 1211 sebasteni
429 1164 447 1205 c
470 1139 651 1205 doctissima
674 1141 758 1205 illius
789 1164 863 1206 cura
889 1140 1085 1206 illustrandis
1109 1162 1249 1223 occupa·

235 1259 287 1313 tut
309 1246 395 1311 domi
415 1266 481 1307 earn
501 1247 671 1317 haberem,
697 1244 835 1304 nondum
852 1254 962 1335 tractus
978 1256 1042 1306 tres
1059 1265 1145 1306 rrteos
1160 1243 1247 1308 Cdd.

235 1344 529 1426 praestantissimos
542 1347 579 1409 de
593 1345 784 1423 Germanico
799 1366 929 1428 quoque
942 1347 1112 1430 aliquando
1126 1349 1248 1411 edendo

94 1468 99 1481 ¹
236 1446 362 1509 minime
385 1446 568 1530 cogitabam
598 1468 656 1509 nec
690 1447 859 1530 quidquam
887 1447 960 1510 inde
979 1461 1063 1527 tum
1091 1450 1249 1531 temporis

236 1548 396 1631 excerpsi.
441 1550 537 1611 Nunc
562 1571 642 1613 vero
668 1570 704 1611 ea
733 1548 778 1611 uti
802 1572 861 1612 nec
884 1552 978 1632 potui
1008 1573 1112 1636 neque
1139 1553 1246 1628 volui;

223 1651 371 1728 serenio,
397 1650 457 1716 etsi
479 1651 555 1717 Viri
580 1652 627 1715 illi
650 1652 869 1728 eruditissimi,
895 1674 956 1736 qua
978 1667 1043 1717 tum
1066 1655 1197 1718 suerunt
1215 1655 1249 1718 in

134 1750 138 1755 ’
234 1776 289 1824 :me
310 1754 526 1839 benignitate,
563 1776 630 1819 eam
655 1776 765 1818 rursus
793 1778 913 1820 mecum
940 1758 1247 1835 communicassent,

237 1858 452 1941 redemptoris
475 1869 578 1921 tamen
600 1858 741 1929 rationes
771 1860 894 1921 minime
916 1881 1030 1942 passae
1053 1873 1175 1932 essent,
1214 1872 1251 1924 ut

236 1961 362 2046 integra
385 1983 404 2025 a
427 1983 475 2024 me
499 1963 667 2035 ederetur3
704 1972 756 2035 et,
790 1961 822 2025 in
845 1983 885 2025 eo
907 1962 933 2024 si
955 1963 1188 2039 substitissem,
1214 1974 1250 2025 ut

238 2064 360 2148 optima
383 2085 529 2149 quaeque
552 2063 623 2127 inde
646 2064 837 2151 seligerem,
860 2087 1009 2149 magnum
1032 2067 1064 2129 id
1085 2067 1146 2130 toti
1161 2088 1251 2130 eom·

237 2166 395 2233 mentario
418 2168 640 2233 detrimentum
661 2171 864 2249 postmodum
888 2169 1058 2232 attulisset.

302 2271 400 2350 Quod
421 2283 523 2335 antem
547 2273 584 2333 ad
600 2270 735 2333 Halmae
753 2270 913 2352 inceptum
937 2272 1064 2348 attinet,
1089 2294 1130 2335 ex
1145 2274 1251 2341 arnico

175 2448 179 2453 ,
238 2373 413 2439 Haltthalio
441 2372 620 2436 sciscitatus
642 2395 731 2449 sum,
756 2395 795 2436 an
818 2373 921 2437 critici
935 2375 1083 2456 praesidii
1094 2375 1141 2438 illi
1157 2376 1250 2461 quid-

237 2477 323 2560 piam
345 2476 473 2543 inesset.
518 2476 671 2557 Inspecto
694 2477 800 2551 libro,
825 2498 920 2560 quem
943 2477 1056 2541 'ferrici
1077 2499 1171 2542 nemo
1192 2481 1250 2542 ha·

238 2583 310 2656 bet,
346 2578 433 2643 illico
456 2578 623 2660 respondit
652 2578 705 2641 ille
731 2600 833 2664 aequo
864 2576 970 2644 animo
996 2603 1045 2643 me
1068 2603 1108 2644 eo
1132 2582 1251 2645 caritu-

171 2710 177 2725 Ι
238 2705 330 2759 rtem,
371 2692 483 2762 utpote
513 2680 566 2762 qui
597 2683 636 2743 ad
668 2682 794 2745 codices
827 2695 920 2746 antea
949 2683 1251 2771 ignotos‘exactus

239 2806 304 2849 non
328 2795 431 2858 esset3
468 2805 561 2845 urnam
592 2795 697 2847 tamen
721 2784 795 2847 mibi
826 2785 909 2849 misit
934 2788 1184 2852 emendationem
1209 2790 1250 2851 ab

240 2888 355 2952 Halma
377 2885 612 2970 excogitatam,
646 2877 754 2970 utique
779 2889 980 2972 probabilem
1003 2893 1050 2968 (v.
1084 2895 1174 2970 ltu.)
1205 2892 1251 2972 (i)

242 2989 430 3057 Schmidius‘
444 2988 521 3075 quid
545 2989 759 3072 praestiterit,
783 3013 919 3074 prorsus
936 2993 1072 3075 ignor03
1096 3016 1250 3078 nusquam

242 3095 323 3161 enim
349 3095 415 3161 eius
441 3092 601 3169 libellum,
637 3091 697 3156 etsi
724 3093 867 3161 studiose
890 3094 1084 3178 quisesitum,
1106 3095 1253 3179 reperire

242 3197 373 3282 potui„
393 3198 505 3268 Bonus
528 3197 555 3260 si
578 3207 682 3270 esset,
705 3195 815 3278 utique
837 3195 947 3261 notior
969 3210 1067 3262 esset.

305 3301 346 3364 Id
369 3322 449 3366 vero
471 3299 563 3365 unice
583 3300 786 3382 propositum
810 3298 886 3362 mibi
906 3299 985 3376 fuit,
1009 3313 1044 3364 nt
1066 3301 1252 3367 Germanici

245 3407 432 3487 opusculum
459 3406 563 3468 denum
588 3405 627 3465 ad
647 3401 792 3466 codicum
814 3403 1034 3469 auctoritatem
1059 3427 1251 3470 revocarem
1354 3414 1358 3419 “

142 3498 153 3509 '⁴
245 3505 524 3589 etprobabiliter,
552 3516 703 3588 quantum
719 3505 907 3585 nunelicet,
931 3510 1152 3572 emendarent
1178 3531 1254 3593 per-

297 3663 333 3724 (l')
352 3666 417 3712 Haec
436 3668 528 3712 scilicet
544 3668 603 3712 dicit
620 3670 713 3722 editor,
742 3667 779 3711 cni
808 3665 886 3710 aditus
913 3663 1009 3718 patebat
1028 3666 1058 3708 ad
1084 3664 1184 3724 Regiam
1213 3662 1252 3708 bi·

245 3737 404 3783 bliotbecam:
424 3750 480 3797 pag·
502 3734 574 3786 tlt:
591 3737 623 3781 Je
641 3751 680 3782 me
702 3737 757 3781 suis
772 3733 959 3796 generalemenl
972 3730 1106 3792 confhrme‘
1122 3747 1176 3778 nux
1196 3747 1251 3777 cor·

246 3809 356 3853 rectione
383 3805 413 3851 de
439 3805 545 3852 Grotius
570 3807 634 3853 dans
665 3820 707 3852 m
726 3807 815 3851 Aratea
837 3808 862 3846 et
888 3798 1000 3847 lacellos
1023 3803 1054 3850 ds
1071 3800 1166 3849 sautu
1191 3798 1252 3864 (sic)

243 3891 302 3922 cese
327 3879 444 3937 quelques
469 3878 654 3937 restrictions.”
700 3879 726 3923 ld
752 3881 802 3932 est,
829 3872 913 3930 „Nihil
932 3886 977 3932 ego
1003 3875 1063 3921 leci:
1096 3875 1168 3920 eliam
1187 3873 1248 3918 Cod.

246 3948 347 4008 Regium
366 3948 487 4008 neglexi.”
