2864 4622
267 306 329 371 178

265 446 505 528 Venturamque
527 441 611 508 notis
632 432 756 506 ‘cladem'
775 442 933 525 depellere
954 440 1064 506 suasit.
1201 442 1267 505 400

267 550 357 613 Inter
378 560 464 610 certa
485 547 560 610 lieet
582 567 727 610 numeres
748 548 806 608 sub
828 557 922 610 noete
944 547 1082 608 cavenda

266 651 474 725 Turibulum3
497 671 580 725 nam,
603 649 632 713 si
653 652 827 713 sordebunt
849 659 956 711 cetera
976 649 1056 712 caeli

266 755 414 818 Nubibus
437 753 602 829 obductis,
626 753 683 815 illo
706 753 908 834 splendente,
932 749 1062 830 timeto,

266 859 317 920 Ne
339 878 449 939 paoem
469 856 576 938 pelagi
599 856 705 919 solvat
728 854 897 918 violentior
918 855 1055 917 Auster.

264 961 359 1021 Tune
380 958 464 1045 mihi
477 959 652 1039 epissentur
675 958 848 1020 substrieto
870 977 989 1023 cornua
1013 958 1088 1021 velo
1204 956 1266 1021 105

265 1063 310 1124 Et
330 1061 425 1145 rigidi
448 1062 590 1124 emittant
610 1061 701 1125 flatus
723 1059 893 1141 perinane
915 1063 1075 1123 rudentes.

265 1164 362 1243 Quod
383 1164 410 1226 si
432 1166 604 1245 deprensae
627 1162 767 1226 turbavit
789 1162 882 1233 lintea
903 1163 1031 1245 puppis.

263 1266 477 1350 Incubuitque
498 1266 568 1329 sinu
590 1268 684 1341 laxo,
710 1266 761 1329 vel
784 1266 938 1348 mergitur
962 1266 1051 1328 undis

264 1371 372 1437 Prona
394 1369 470 1431 ratis
492 1372 667 1454 sorbetque
689 1367 844 1431 inimicum
870 1370 974 1430 Nerea
996 1389 1113 1450 prora,

263 1472 329 1535 Vel
351 1471 376 1535 si
397 1471 539 1553 respexit
562 1484 709 1536 servator
730 1472 892 1553 Iuppiter,
918 1492 1014 1555 aegre
1201 1472 1265 1534 110

264 1574 382 1638 Ultima
404 1578 592 1656 persolvunt
614 1573 720 1637 iactati
742 1585 816 1637 vota
839 1575 968 1649 salutis;
1077 1639 1080 1646 ,

264 1658 335 1740 lieo
357 1688 458 1740 metus
482 1689 552 1740 ante
574 1676 675 1762 fugit,
700 1698 792 1761 quam
815 1698 889 1757 pars
913 1676 1067 1740 effulserit
1089 1675 1199 1753 orbis,

264 1779 356 1860 Quae
378 1780 505 1843 Borean
522 1780 648 1843 eaelum
671 1780 885 1862 spectantibus
907 1779 1023 1842 indicet
1045 1791 1164 1844 ortium.

306 1884 387 1945 Sunt
409 1882 502 1945 etiam
523 1882 656 1946 flammis
678 1882 842 1945 commissa
865 1882 1009 1946 immania
1032 1885 1172 1945 membra

262 1982 432 2062 Centauri,
454 1985 557 2067 eapite
579 1997 674 2068 atque
696 1984 821 2063 hirsuto
842 1996 975 2066 pectore
998 1998 1029 2048 et
1051 1986 1125 2050 alvo
1200 1987 1263 2052 tit

262 2087 380 2151 Subter
402 2090 569 2152 candentes
591 2087 752 2152 hominem
767 2088 930 2151 reddentia
953 2087 1092 2153 Chelas:

259 2287 344 2334 bulum
361 2302 386 2349 g.
420 2311 450 2322 -
476 2288 598 2335 Turibulo
616 2289 687 2336 AFP.
724 2287 808 2348 (lbid.)
827 2287 881 2350 uix]
900 2290 960 2336 Gsb.
982 2291 1055 2336 -ri
1075 2293 1103 2336 il.
1123 2291 1260 2337 -es‘si'.

258 2378 291 2395 -·
316 2360 365 2404 rim
388 2359 433 2419 ug.
483 2359 569 2416 (ibid.)
586 2354 704 2418 eoelum]
723 2360 766 2405 Gs.
786 2381 816 2395 -
833 2362 902 2405 eaelo
920 2360 1002 2421 regu.
1039 2358 1125 2418 (ibid.)
1143 2359 1262 2422 suspicit]

259 2427 320 2473 Gsb.
347 2448 381 2464 -
409 2429 517 2489 suscipit
541 2430 608 2489 neg.
637 2430 683 2484 (De
705 2430 734 2474 t.
758 2443 805 2474 non
829 2432 887 2475 satis
903 2430 1016 2485 constet.)
1053 2428 1127 2484 (300)
1146 2453 1174 2467 -
1193 2437 1263 2476 tuctu

258 2496 349 2553 „Atii”
367 2502 428 2555 apud
445 2512 469 2558 g.
507 2500 592 2555 libid.)
620 2497 767 2558 demittitur]
792 2513 813 2544 s.
833 2525 866 2534 -
884 2500 1018 2545 dimittitur
1036 2500 1139 2560 turgt.
1187 2498 1262 2556 (itti)

258 2566 431 2628 notisJ'Ggsb.
452 2592 484 2603 -
511 2570 580 2613 noris
599 2569 628 2614 F.
648 2592 681 2602 —
699 2569 766 2614 Iovis
783 2571 813 2614 P.
833 2591 866 2604 -
883 2570 978 2641 ⁰¹⁰³lll'
994 2584 1020 2617 v.
1039 2568 1097 2616 100.
1117 2572 1146 2616 Δ.
1184 2567 1261 2627 (titt)

260 2657 290 2669 ·-
321 2638 462 2698 interceptu
485 2638 503 2682 l.
529 2640 558 2684 F.
587 2660 617 2671 -
643 2639 817 2687 'nurneris,A.
848 2662 881 2674 -
905 2654 1024 2685 numerus
1046 2641 1134 2696 „atii”
1156 2641 1217 2696 apud
1233 2653 1260 2699 g.

257 2703 329 2763 (002)
346 2714 512 2765 ωεοηψονα
527 2709 593 2752 cneii
608 2707 639 2752 G.
660 2709 729 2763 prob.
749 2710 822 2753 Voss.
840 2711 869 2753 ed
887 2700 986 2755 Anatim
998 2724 1052 2769 pag.
1074 2708 1115 2756 id.
1135 2731 1166 2746 -
1183 2710 1262 2754 Omit-

257 2779 286 2821 tit
305 2792 329 2824 v.
356 2774 464 2822 (02.1.
502 2775 576 2834 (403)
594 2776 738 2835 splendente
756 2775 850 2837 tieneto]
869 2779 932 2836 A(F.
952 2780 1003 2825 'ie:
1029 2778 1142 2835 timente)
1160 2780 1207 2824 Pb.
1227 2803 1261 2814 —

257 2846 399 2905 splendenti
418 2847 574 2891 metuendum
591 2847 622 2892 G.
642 2871 676 2881 —
694 2845 838 2905 splendente
857 2847 992 2893 timend..m
1011 2850 1039 2895 de
1057 2864 1081 2909 g.
1102 2850 1164 2894 soni.
1185 2863 1207 2894 s.
1227 2873 1261 2884 -

257 2916 390 2975 splendore
414 2917 498 2960 timeto
523 2931 548 2976 g.
597 2913 668 2973 (105)
687 2915 841 2977 epissentur]
860 2919 888 2962 de
907 2932 931 2977 g.
953 2921 1015 2964 coni.
1035 2919 1060 2965 0.
1083 2941 1111 2952 -
1132 2919 1261 2964 siccentur

220 2988 381 3051 *detege
418 2983 507 3045 (ibid.)
525 2984 669 3047 substricto]
689 2988 766 3047 Ggsb.
786 3011 818 3021 -
837 2987 956 3033 obstricto
977 2987 1033 3045 (sic)
1052 2989 1083 3033 A.
1103 3013 1136 3022 —
1154 2990 1260 3034 astricto

254 3058 284 3104 F.
307 3080 336 3092 -
356 3057 464 3101 astricta
484 3056 514 3103 1³.
550 3054 629 3118 (106)
646 3055 679 3101 Et
696 3055 778 3118 rigidi
794 3058 907 3101 emittunt
916 3057 1007 3121 flotus]
1025 3059 1100 3118 Ggsb.
1122 3076 1154 3094 -··
1171 3057 1262 3119 Erigit

254 3129 325 3174 temit
344 3133 398 3172 tunt
420 3127 488 3171 lutus
512 3126 569 3185 (sic)
587 3127 618 3171 A.
647 3149 676 3160 -
704 3125 815 3187 Erignnt
835 3128 994 3187 emittnutque
1013 3130 1079 3174 lotus
1099 3130 1147 3174 FP.
1185 3126 1258 3187 (101)

254 3197 393 3256 deprensus
412 3196 488 3257 Ggsb.
518 3223 551 3231 —
577 3197 703 3255 deprenso
725 3198 797 3245 AFP.
835 3197 933 3253 (ibid.)
963 3195 1080 3258 turbarit]
1108 3199 1204 3258 Argu,
1224 3223 1258 3234 -

253 3268 364 3312 turbabit
381 3266 433 3312 Gi'.
482 3264 552 3323 (issi)
572 3264 711 3326 sorbetque]
734 3269 762 3311 de
788 3279 813 3326 g.
838 3269 900 3312 coni.
920 3269 957 3313 sb.
978 3292 1011 3301 —
1029 3275 1155 3329 serpetque
1173 3270 1204 3315 G.
1223 3293 1258 3303 —

252 3339 375 3397 solentque
390 3337 456 3395 urg.
479 3358 508 3370 ·-
528 3340 680 3396 soleetpuos
697 3337 728 3382 Ρ.
766 3333 839 3392 (ito)
858 3335 984 3397 respexit]
1000 3338 1060 3398 Ggs.
1084 3339 1260 3397 -perspexit

252 3407 342 3452 AFPb.
390 3406 474 3462 (ibid.)
501 3405 590 3468 aegre]
615 3407 691 3466 Ggsb.
714 3424 743 3438 -·-
763 3420 841 3467 aeger
865 3408 935 3453 AFP.
973 3406 1047 3466 (iii)
1067 3429 1100 3442 -
1115 3409 1260 3467 persolvent

252 3476 277 3520 0.
298 3481 381 3521 eontra
401 3476 523 3536 uurrgs.
561 3474 647 3534 (ibid.)
666 3473 764 3533 iactati]
783 3479 811 3521 de
835 3490 859 3535 g.
882 3478 944 3523 coni.
965 3479 1003 3522 sb.
1024 3503 1056 3512 —
1075 3479 1182 3523 iactatae
1202 3480 1259 3523 AG-

251 3544 317 3605 FPg.
355 3543 429 3603 (tit)
449 3564 479 3580 -
498 3562 511 3589 e
533 3546 621 3590 uleerit
639 3546 709 3590 urbis
727 3547 798 3592 At'i’.
819 3545 872 3604 (sed
889 3549 932 3594 R:
954 3545 1100 3609 effirleerit:
1120 3549 1166 3593 P.:
1187 3544 1259 3608 efflu-

250 3615 331 3668 xerit)
347 3624 386 3662 ω
410 3611 564 3674 perfulserat
589 3615 671 3660 omnis
695 3616 771 3674 Ggsb.
818 3613 893 3674 (its)
919 3615 1026 3677 coelum]
1050 3618 1153 3678 turgt.
1174 3624 1213 3673 et,
1232 3623 1259 3663 ut
1332 3656 1335 3661 .

249 3686 358 3738 videtur,
387 3684 418 3728 G.
438 3707 461 3718 ·-
490 3686 556 3729 coeli
575 3687 605 3730 de
623 3699 646 3745 g.
665 3687 728 3729 roni:
755 3700 775 3730 s.
813 3680 902 3745 (ibid.)
920 3684 1012 3744 ortum]
1030 3687 1101 3732 AFP.
1121 3708 1156 3721 -·
1172 3688 1258 3732 orbem

250 3754 327 3814 Ggsb.
366 3754 444 3812 Quum
463 3755 534 3799 lectio
553 3754 624 3800 AFP.
646 3768 688 3810 per
706 3769 731 3800 se
752 3756 899 3810 probabilem
919 3757 1032 3810 praebent
1050 3759 1210 3813 sententium,
1234 3760 1259 3802 in

249 3825 378 3870 lectionem
398 3829 477 3869 sutem
499 3824 544 3868 Cd.
570 3824 601 3870 G.
633 3825 749 3869 eiusmodi
774 3826 891 3869 sententia
914 3828 1007 3870 nonnisi
1033 3828 1096 3871 euni.
1125 3828 1258 3881 eoelipro

248 3896 346 3939 coelum
368 3895 452 3939 inferri
482 3896 572 3948 possit,
603 3895 712 3953 equidem
733 3895 799 3938 illam
827 3896 938 3950 praetuli.
970 3892 1059 3952 »(414)
1079 3895 1197 3941 Ornittunt
1216 3910 1257 3941 vr.

248 3970 299 4010 tres
319 3960 453 4009 itt-tit
473 3963 546 4010 Art.
583 3963 677 4008 Habent
694 3964 748 4013 EG.
785 3962 973 4022 (timpum
989 3964 1093 4026 etalio]
1112 3966 1147 4013 sie
1159 3967 1256 4021 scripsi.
