2834 4630
612 482 631 525 F
665 480 694 524 B.
719 479 761 525 W.
839 486 842 493 '

386 478 708 640 ruomnrinius
730 476 791 637 ni
815 569 981 651 nonus.

485 689 530 741 De
547 692 671 738 veritate
687 693 715 736 et
734 682 886 741 mendacin.

242 789 329 857 Olim
346 792 559 857 Prometheus
578 788 678 853 seculi
698 785 815 872 figulus
837 783 915 847 novi

199 894 289 960 Cura
308 886 416 957 subtili
433 891 612 956 Veritatem
632 890 770 964 fecorat,

199 999 245 1063 Ut
263 997 333 1060 iura
351 1007 462 1079 posset
483 995 567 1058 inter
586 993 731 1058 homines
751 995 897 1057 reddere.

200 1099 317 1171 Subito
339 1097 513 1162 accersitus
535 1096 647 1161 nuntio
669 1094 776 1180 magni
794 1094 885 1158 Iovis
911 1142 915 1147 .

202 1202 414 1268 Commendat
434 1201 597 1267 officinam
617 1198 853 1273 solistimis),

202 1305 243 1369 In
265 1303 462 1393 disciplinam
485 1325 587 1386 nuper
608 1324 704 1387 quem
724 1312 904 1383 receperat.
992 1330 994 1339 =

202 1407 270 1474 Hic
290 1408 396 1471 studio
417 1428 585 1482 accensus,
608 1404 692 1471 {acie
707 1404 911 1469 simulacrum
928 1400 1016 1486 pari,

191 1502 274 1577 'Una
295 1522 432 1586 statura,
454 1508 557 1575 simile
576 1518 612 1571 et
631 1506 782 1571 memhris
805 1505 969 1580 omuibus,

202 1613 290 1678 Dum
307 1623 431 1695 tempus
451 1609 583 1686 habuit,
606 1610 720 1674 callida
737 1608 832 1673 finxit
852 1629 959 1671 mauu.
1030 1646 1055 1671 ⁵.

203 1715 302 1797 Quod
317 1735 423 1798 prope
437 1711 500 1777 iam
514 1725 618 1778 totum
637 1713 717 1775 mire
732 1733 831 1796 quum
847 1708 1109 1793 positumsoret,
1149 1709 1189 1775 1⁰
1231 1706 1235 1721 ⁴
1284 1725 1289 1735 ·

202 1818 324 1881 Lutum
345 1818 386 1879 ad
404 1815 569 1881 faciendos
591 1813 642 1877 illi
662 1813 781 1883 defecit
797 1817 908 1897 pedes.
938 1866 941 1875 ,
1039 1876 1041 1879 ,

204 1918 306 1985 Redit
326 1917 496 2002 magister,
519 1938 584 2003 quo
605 1915 792 1981 festinanter
813 1917 942 1983 Dolus.
1049 1952 1054 1963 ·

204 2024 301 2088 Metu
321 2023 469 2085 turbatus
486 2019 520 2083 in
541 2042 599 2086 suo
622 2019 704 2084 sedit
722 2019 814 2105 loco.
836 2064 839 2073 ·
916 2074 919 2083 .

205 2123 335 2192 Mirans
356 2124 570 2189 Prometheus
590 2134 710 2187 tantam
730 2121 987 2200 similitudinem,

205 2225 369 2311 Propriae
391 2224 496 2291 videri
516 2210 718 2294 voluit'srtis
740 2225 891 2311 gloriam.
977 2260 980 2268 ·
1014 2282 1018 2291 ,
1144 2223 1193 2291 ,15

90 2396 94 2403 ,
205 2330 314 2416 Igitur
334 2328 462 2394 fornaci
482 2328 605 2412 pariter
623 2333 688 2394 duo
710 2329 802 2414 signa
815 2326 949 2409 ιἱιιῑιιῐὶῐς

171 2522 174 2525 1
206 2432 332 2515 Quibus
349 2431 513 2527 percoctis
531 2444 625 2525 atque
647 2432 912 2516 infusospiritu,
946 2452 950 2493 ί
984 2488 987 2493 ,
1018 2484 1022 2495 t
1058 2442 1060 2451 ’

206 2537 365 2600 Modesto
388 2557 500 2621 gressu
514 2546 630 2599 sancta
648 2534 779 2605 incessit
800 2534 952 2612 Veritas3
996 2588 1000 2600 .

207 2640 256 2705 At
276 2651 389 2703 trunca
410 2637 533 2724 speeies
552 2638 656 2704 haesit
674 2640 710 2702 in
731 2638 888 2725 vestigio.
935 2658 937 2663 ·

208 2742 303 2805 Tune
319 2743 400 2806 falsa
420 2728 530 2828 imago
551 2753 646 2825 atque
669 2741 779 2825 operis
800 2741 918 2807 furtivi
939 2743 1035 2808 labor
1156 2745 1198 2807 20

207 2844 415 2911 Mendacium
437 2846 627 2929 appellatum
651 2858 717 2922 est;
740 2848 829 2932 quod
845 2846 1037 2931 negantibus
1162 2824 1166 2837 ,

209 2948 314 3014 Pedes
335 2950 455 3013 habere
476 2948 572 3012 facile
593 2948 663 3032 ipse
684 2948 867 3017 consentio.

619 3117 719 3179 [nun.
738 3123 783 3181 u]

596 3213 816 3324 Aucuou.

547 3345 630 3400 Nihil
647 3344 695 3398 din
714 3347 860 3400 occultum.

253 3460 405 3551 Simulata
426 3459 584 3525 interdum
606 3459 684 3523 vitia
705 3470 843 3542 prosunt
864 3457 1065 3536 hominibus,

114 3558 132 3581 ²
209 3566 276 3628 >Sed
296 3575 443 3647 tempore
465 3561 537 3645 ipso
560 3573 665 3626 tamen
688 3573 823 3645 apparet
846 3561 977 3627 veritas.

264 3721 323 3764 Fun.
343 3721 387 3767 Ν.
423 3718 460 3777 (1)
472 3717 574 3780 figulus
594 3715 660 3776 noti]
678 3718 744 3763 1.c.
766 3719 796 3762 Z.
817 3742 850 3751 -
869 3718 925 3761 nom¹
935 3717 1038 3780 figulus
1051 3721 1108 3764 vu.
1122 3720 1199 3776 Neap.

211 3787 250 3846 (2)
268 3785 345 3847 Cura]
362 3791 418 3833 Vnt.
454 3809 489 3823 -
524 3785 597 3834 Croto
616 3789 692 3842 Neup.
711 3788 772 3832 Edd.
810 3785 866 3845 (12)
877 3784 1046 3847 festinanter]
1064 3790 1093 3835 B.
1115 3791 1145 3834 Z.
1170 3812 1203 3824 -

206 3856 350 3920 festinante
366 3860 423 3902 Vct.
443 3859 519 3914 Neap.
1050 3864 1052 3869 ’

260 3930 322 3977 Fun.
342 3930 394 3972 V..
412 3929 482 3982 „Hoc
508 3942 561 3974 esse
585 3927 741 3982 epimythium
768 3920 917 3973 desideratus
941 3929 1038 3973 fabulae
1064 3939 1136 3970 uerno
1157 3941 1205 3970 nou

214 4000 314 4053 putabit.
352 4000 421 4055 Quod
445 3999 465 4042 si
490 3999 618 4054 Perottus,
648 4003 672 4042 ut
690 3999 921 4052 nonnuliireutur,
950 3999 993 4042 hus
1013 3996 1106 4038 fabulas
1125 3996 1204 4040 Marte
