2834 4630
279 333 320 396 32

202 512 207 521 ι
270 472 439 551 ‚contineri
461 472 674 540 affirmarunt.
717 475 821 563 Atqui
841 475 939 559 primi
959 473 1043 539 libri¹
1052 473 1181 540 fabulae
1196 489 1270 540 sunt

277 578 434 653 xxxl.;
460 576 674 663 fragmentum
700 595 781 644 vero
803 580 900 643 habet
923 580 1143 642 tantummodo
1170 589 1268 654 ceto,

277 690 310 743 et
327 678 455 765 quidem
471 702 508 745 ea
529 681 654 746 ratione
680 680 714 745 iu
734 680 927 745 membranis
948 679 1104 764 scriptas,
1132 684 1169 742 ut‘
1188 678 1269 742 nihil

276 781 351 845 inde
373 781 518 846 subtrahi
538 806 675 870 unquam
696 784 853 868 potuerit.
898 786 927 848 E
948 782 1054 867 prima
1076 782 1160 847 enim
1179 794 1269 846 recta

277 884 397 969 pagina
418 896 450 949 et
469 907 565 948 -versa
587 886 667 950 nihil
690 890 815 951 demere
834 886 931 951 licet:
969 886 1137 950 transitum
1162 897 1267 949 autem

278 1009 297 1050 a
319 989 456 1051 secunda
490 990 530 1050 ad
555 987 681 1052 tertiam
709 991 861 1075 paginam
886 987 985 1053 nectit
1008 988 1116 1053 fabula
1138 987 1266 1075 quinta,

278 1112 359 1176 quae
378 1089 543 1176 utriusque
555 1089 640 1156 ,folii
658 1104 781 1175 partem
805 1103 957 1176 occupat.
1000 1090 1149 1177 Denique
1171 1112 1268 1177 quar-

277 1204 342 1255 tam
362 1193 512 1278 paginam
534 1194 664 1260 diversc
691 1206 879 1281 argumento
904 1193 1089 1278 impeditam
1116 1192 1266 1257 diximus.

278 1298 508 1381 Fragmentum
524 1296 626 1382 igitur
641 1297 848 1363 Floriacense
862 1296 935 1380 plus
955 1308 1032 1362 octo
1047 1296 1164 1361 fabulis
1178 1295 1266 1359 nullo

277 1410 424 1482 tempore
442 1400 577 1463 habuit:
600 1421 704 1485 neque
715 1421 827 1483 reapse
842 1399 876 1464 iu
892 1396 962 1463 aliis
976 1397 1094 1463 fabulis
1109 1399 1266 1463 lectiones

278 1501 388 1565 variae
410 1524 428 1564 a
447 1501 570 1566 criticis
592 1522 634 1566 ex
654 1504 720 1566 hcc
740 1504 925 1587 fragmento
947 1514 1124 1585 ponuntur.
1170 1502 1269 1584 Quod

279 1605 308 1668 ai
330 1605 501 1691 aliquando
523 1598 577 1682 fit,
601 1625 715 1671 errore
735 1604 923 1671 criticorum
942 1604 1077 1682 accidit,
1100 1605 1157 1690 qui
1172 1604 1268 1667 alium

279 1729 343 1791 pro
366 1707 432 1772 alic
455 1707 618 1790 appellant
638 1708 798 1775 codicem.

344 1813 408 1875 Sed
437 1826 498 1894 age
528 1831 647 1893 operae
676 1810 814 1893 pretium
842 1823 889 1876 est
917 1812 1132 1898 fragmentum
1165 1810 1269 1893 ipsum

280 1913 590 1999 quantulumcunque
613 1923 677 1991 est,
707 1924 809 1983 totum
828 1914 1005 1980 lectoribus
1030 1915 1203 1989 exhibere3
1224 1912 1271 1976 ita

280 2029 315 2079 ut
337 2037 406 2080 mea
425 2014 524 2080 editio
542 2014 647 2080 ‘instar
669 2015 792 2081 codicis
813 2016 874 2081 sit:
910 2021 999 2104 quod
1020 2039 1086 2082 non
1108 2017 1270 2100 ingratum

279 2117 461 2203 philologis
482 2119 557 2183 fore
579 2130 676 2202 puto,
699 2130 765 2183 tum
786 2118 949 2205 quianon
971 2120 1076 2184 omnis
1097 2119 1271 2183 lectionum

279 2221 349 2286 eius
371 2222 508 2286 varietas
529 2224 569 2285 ab
591 2220 731 2306 antiquis
756 2218 877 2284 criticis
896 2221 1056 2304 patefacta
1070 2220 1150 2294 fuit3
1171 2218 1271 2284 immo

274 2324 441 2388 interdum
463 2323 572 2407 potius
592 2345 763 2407 perversa:
787 2335 854 2387 tum
871 2322 947 2408 quia
963 2345 1074 2406 parem
1088 2319 1270 2387 Pithccanc

281 2426 391 2491 ecdici
412 2427 563 2491 laciniam
582 2448 782 2512 cognoscere
810 2426 982 2490 iucundum
1004 2437 1069 2501 est3
1105 2436 1172 2489 tum
1194 2422 1271 2509 quia

282 2529 418 2616 denique
441 2532 586 2594 chartam
608 2529 732 2612 oppido
759 2532 892 2595 brevem
912 2528 947 2592 in
966 2528 1054 2594 libro
1076 2542 1147 2591 meo
1170 2549 1271 2592 occu·

279 2632 385 2716 pabit.
432 2634 488 2697 Sic
508 2654 609 2715 nuper
630 2632 664 2696 iu
685 2632 792 2716 primo
812 2631 1020 2696 classicorum
1036 2628 1271 2695 Vaticanorum

282 2734 444 2800 volumine
453 2735 665 2799 Salustianum
679 2738 718 2798 de
734 2733 847 2798 codice
861 2732 938 2798 item
953 2731 1136 2800 Christina'e
1149 2734 1270 2797 Suecae

194 2882 196 2887 .
280 2839 496 2922 fragmentum
529 2836 694 2920 prompsi,
728 2839 817 2923 quod
844 2857 944 2923 aeque
972 2835 1007 2900 in
1043 2835 1149 2899 Gallia
1183 2836 1269 2917 apud

282 2943 417 3007 Petrum
434 2939 601 3007 Danielem
618 2938 694 3005 olim
708 2940 831 3015 fuerat;
854 2939 967 3004 deiude
983 2938 1049 3003 eius
1069 2940 1271 3019 membranae

282 3066 324 3109 cx
357 3041 462 3108 oculis
492 3041 655 3107 homiuum
688 3054 899 3108 evanuerant:
922 3060 1102 3129 ⁴quumque
1133 3038 1270 3124 pessime

281 3151 435 3212 hactenus
452 3144 565 3210 fuisset
582 3144 716 3224 editum,
750 3167 838 3209 amc
861 3149 984 3208 demum
1002 3145 1035 3207 in
1057 3142 1196 3207 nativam
1217 3165 1272 3207 sa-

281 3250 411 3314 nitatem
433 3260 621 3315 revocatum
642 3260 703 3313 est.
748 3247 812 3313 Sed
832 3251 873 3313 ad
894 3246 1038 3315 Phaedri
1054 3247 1272 3343 fragmentum

296 3342 300 3367 l
348 3352 355 3366 ο

283 3372 458 3418 venramus.
