2834 4630
442 797 877 874 PRAEFATIO.

565 975 754 992 ..um—C

219 1107 302 1170 Rem
325 1117 447 1189 gratam
469 1104 645 1189 philologis
661 1106 819 1168 facturum
842 1125 891 1168 me
908 1105 1054 1180 confido,
1080 1107 1162 1170 Per-

156 1206 270 1292 vigilio
293 1209 454 1282 Veneris,
480 1210 656 1273 semidocto
680 1222 711 1272 et
733 1208 880 1291 plebeio,
912 1210 966 1271 sed
988 1221 1091 1271 tameo
1112 1221 1163 1271 te-

69 1308 72 1311 ’
156 1333 237 1376 nero
254 1334 291 1374 ac
312 1312 400 1376 molli
422 1316 570 1393 poemate
592 1316 631 1377 ad
652 1326 840 1397 utrumque,
866 1312 921 1396 qui
940 1334 1023 1375 utruc
1049 1334 1161 1395 super·

155 1426 228 1490 est,
266 1414 419 1480 Codicem
455 1416 587 1479 Salmas.
630 1429 662 1478 et
698 1414 787 1480 Pith.
823 1416 1159 1500 accuratius„quam

154 1531 384 1601 unquamante
400 1512 518 1581 factuin
536 1532 602 1592 est,
627 1532 755 1582 exacto.
801 1520 922 1581 Nimiae
940 1520 1048 1604 utique
1064 1542 1158 1604 quum

152 1622 244 1685 multi
265 1622 372 1685 laudes
401 1623 431 1686 ei
456 1625 625 1695 tribuant‚·
651 1643 856 1685 numerorum
880 1624 909 1684 iu
934 1623 1064 1704 primis,
1092 1636 1159 1685 tum

152 1726 374 1789 nonnullarum
390 1729 482 1790 etiam
505 1726 674 1809 imaginum
690 1726 811 1788 deliciis
833 1726 936 1806 capti,
961 1726 1015 1790 alii
1034 1749 1157 1804 rursus,

150 1828 297 1893 homines
312 1829 404 1892 nimis
422 1831 529 1892 tristes
545 1851 591 1890 ac·
603 1832 726 1903 severi,
751 1828 917 1917 malignius
938 1852 1030 1913 quam
1051 1832 1156 1895 verius

151 1936 190 1994 de
207 1935 316 1996 eodem
333 1930 482 1995 iudicium
504 1932 593 1994 ferre
610 1932 726 1996 solent.
771 1930 898 2011 Etenitll
920 1956 935 1994 a
956 1936 1053 2014 polita
1070 1936 1155 1998 Alro

150 2028 254 2100 seculi
274 2037 359 2099 tertii
381 2036 525 2098 euerrutis
552 2038 604 2098 rel
633 2037 738 2117 quarti
761 2049 837 2118 post
860 2032 1024 2100 Christum
1049 2050 1156 2101 natum

149 2140 184 2202 hi
206 2140 380 2222 perfectam
401 2141 445 2203 D.
469 2140 608 2222 Augusti
632 2141 742 2202 aetatis
765 2140 953 2220 elegantiam
980 2162 1156 2224 sensusque

150 2265 228 2306 vere
248 2244 412 2307 Romanos
436 2226 530 2326 quum
548 2242 731 2327 requirant,
756 2226 811 2305 rix
834 2245 924 2306 aliter
943 2244 1012 2306 fieri
1034 2257 1153 2326 potest,

150 2368 243 2431 quiam
274 2359 308 2408 ut
345 2348 501 2408 acerrime
533 2346 582 2409 in.
598 2346 758 2409 hominem
784 2367 920 2428 prorsus
953 2348 1155 2410 innocentem

148 2450 351 2513 invehantur.
367 2451 481 2534 Itaque
491 2471 595 2531 nuper
606 2450 725 2512 factum
734 2449 822 2515 vidia
834 2451 1003 2535 philologo
1014 2453 1153 2535 quodam

148 2554 346 2636 Hegeliano,
373 2574 509 2636 quorum
533 2574 762 2635 saepenumero
785 2558 920 2634 permira
937 2565 1009 2616 sunt
1024 2553 1151 2642 iudicia.

147 2659 239 2731 Nos,
271 2657 326 2741 qui
347 2657 440 2718 nullis
463 2679 601 2737 unquam
620 2657 840 2737 sophistarum
860 2658 978 2720 scholis
999 2659 1151 2735 obnoxii,

148 2759 366 2845 antiquitatem
389 2760 489 2841 ipsam
511 2782 620 2839 perse
636 2774 667 2822 et
681 2762 858 2842 spectamus
874 2772 905 2823 et
919 2762 1151 2846 cognovimus,

147 2863 331 2944 saepissime
353 2864 384 2924 in
403 2865 462 2926 alia
485 2865 588 2926 omnia
604 2865 752 2926 abeamus
777 2885 905 2927 necesse
927 2866 1151 2927 estarectius-

86 3044 87 3053 ἵ
148 2987 210 3050 que
228 2966 358 3029 omnino
386 2968 424 3027 de
446 2978 513 3028 tota
539 2967 669 3028 istarum
689 2967 870 3030 scholarum
893 2958 1043 3045 stultitia,
1069 2988 1151 3052 quiae
1190 3044 1194 3055 .

148 3082 267 3132 certam
298 3081 391 3153 atque
412 3069 504 3131 unice
527 3091 634 3130 veram
658 3070 861 3150 sapientiam,
887 3070 1069 3146 scientiam,
1096 3093 1152 3133 ve·

146 3174 270 3235 ritatem
300 3171 559 3255 arrogantissime
580 3193 649 3234 sese
672 3173 807 3249 iactitat,
832 3172 1001 3256 aliquando
1030 3174 1151 3238 iudica-

147 3277 192 3338 bit
215 3275 403 3357 posteritas.

131 3390 134 3393 ’
209 3380 326 3444 Afrum
348 3381 478 3460 poetam
493 3379 608 3455 luisse,
634 3377 813 3463 etquidem
836 3379 903 3442 eius
919 3381 1035 3456 seculi,
1061 3385 1150 3465 quod

145 3483 308 3565 praedixi,
343 3482 466 3565 colligo
494 3495 558 3545 tum
588 3504 630 3544 ex
658 3482 727 3564 ipsa
750 3483 907 3545 sermonis
931 3485 1058 3560 indole,
1078 3500 1148 3548 tum

145 3609 184 3648 ex
200 3588 252 3649 illa
276 3588 449 3649 verborum
472 3607 509 3647 ac
531 3586 755 3648 sententiarum
779 3588 924 3649 ubertate
947 3610 1072 3668 semper
1087 3590 1147 3651 dil·
1222 3622 1227 3633 ·

142 3692 278 3765 fluente,
304 3691 362 3752 etsi
385 3701 487 3751 metro
510 3689 691 3764 trochaico,
715 3689 805 3751 ouius
818 3690 903 3773 leges
930 3691 982 3753 vin
1010 3716 1148 3766 {inquiam

142 3795 279 3856 violasse
301 3796 474 3855 censendus
491 3805 555 3865 est,
580 3791 776 3876 aliquatenus
791 3804 840 3853 est
861 3796 1019 3868 coercita,
1046 3796 1146 3878 magis

142 3897 269 3981 utique,
294 3897 535 3975 quam'ferebat
554 3897 652 3975 ipsius
675 3895 843 3976 scriptoris
867 3898 1038 3978 ingenium.
1085 3898 1148 3959 Sed

143 4000 199 4084 qui
232 3999 450 4082 Appuleium,
484 3999 542 4082 'qui
574 3986 804 4061 Tertullianum
842 4009 938 4080 atque
965 3998 1147 4061 Arnobium
