2870 4626
169 471 227 545 26)
239 467 305 527 Lib.
321 469 343 525 l.
357 467 441 524 XIX.
482 471 510 526 l.
565 469 674 538 tragulis
693 468 728 525 R.

300 604 316 632 ,‚
388 603 403 632 ,‚
480 565 506 619 9.
563 568 653 632 coepit
671 563 722 615 illa
740 568 766 614 si
784 562 822 618 ll.
844 563 1133 637 (acritioneri.)
1174 574 1176 586 '

169 664 192 731 2
278 697 317 731 μ»
343 653 434 711 XX.
484 654 787 722 5.,’60106181111

168 754 226 816 29)
300 791 314 819 ,‚
388 789 403 818 „
478 752 505 807 6.
526 747 543 780 ’
563 747 674 800 Periere
692 747 733 807 R,
906 804 911 813 .

166 847 222 908 50)
296 884 311 912 „
349 839 433 898 XXI.
479 849 505 899 7.
526 838 541 873 ⁴⁸
563 840 683 914 Infestis
703 843 738 899 R.
847 884 849 889 ,

167 935 224 1008 51)
297 976 312 1005 „
387 976 402 1006 „
476 939 503 993 9.
524 935 540 966 ¹³*
559 935 670 995 extudit
689 936 724 992 R.
746 936 785 992 Η.

169 1032 225 1097 32)
298 1069 313 1099 ,
388 1070 404 1099 ,
461 1034 506 1087 10.
556 1029 628 1099 jero
654 1028 798 1087 Schell'er.

242 1188 295 1251 Ex
321 1186 368 1250 his
391 1187 542 1251 XXXII.
566 1188 774 1264 lectionibus,
809 1191 953 1274 (qtterum
979 1193 1055 1254 titios
1077 1195 1165 1255 dnm·

173 1302 266 1353 term
286 1290 332 1371 (2.
355 1302 386 1352 et
408 1291 476 1369 27.)
497 1292 591 1353 babet
606 1312 786 1355 communes
808 1313 877 1355 cnm
895 1292 982 1357 Pith.
1003 1293 1164 1369 et'Reoi„

173 1393 354 1457 necessario
377 1396 553 1456 emendatas
576 1396 616 1456 ab
638 1395 736 1470 Ede.)
757 1406 891 1477 apparet
908 1406 1007 1459 totam
1030 1397 1166 1460 indolem

173 1495 307 1559 Codicis
324 1495 503 1560 'Danieliani
529 1498 695 1559 admodum
717 1495 874 1560 diversam
892 1516 961 1560 esse
987 1513 1004 1560 a
1026 1499 1113 1562 Pith.
1135 1510 1167 1561 et

173 1582 272 1662 Rem.
288 1590 463 1663 Memfeeto
479 1619 574 1661 verae
596 1609 666 1660 suot
686 1615 820 1662 novem:
846 1603 877 1662 1.
901 1603 938 1664 0.
962 1602 993 1662 7.
1018 1603 1070 1664 11.
1094 1601 1166 1677 (etsi
1269 1666 1272 1672 ,

172 1700 309 1762 ducibus
329 1700 417 1764 Pith.
438 1712 469 1763 et
488 1702 581 1764 Rem.
601 1701 691 1763 etiem
712 1700 776 1785 legi
790 1714 921 1784 posset:
945 1703 1068 1768 Utilia
1082 1703 1167 1767 nrihi

165 1799 402 1894 profuerint.)
426 1804 477 1865 20.
501 1804 553 1866 28.
578 1804 630 1867 29.
654 1804 706 1866 30.
729 1804 783 1868 31.

239 1907 337 1971 Pares
357 1905 496 1988 receptis
518 1928 535 1967 e
557 1905 645 1969 Pith.
670 1918 701 1969 ct
717 1907 811 1971 Rem.
832 1918 917 1971 tres:
941 1910 973 1972 1.
996 1909 1079 1972 totis
1099 1911 1164 1971 tol·

171 2010 216 2072 lit
236 2031 274 2064 =
294 2009 382 2072 tollit
408 2009 491 2072 totis
519 2008 608 2072 Pith.
637 2010 731 2073 Rem.
773 2010 957 2094 101011)ιέ
977 2029 1015 2064 =
1035 2012 1163 2094 υιιῑρεε.

172 2114 228 2175 17.
253 2115 348 2195 Tunc
369 2130 406 2170 :r
428 2115 530 2175 Tem.
635 2184 638 2190 ⁵
1126 2100 1131 2111 “

235 2214 406 2277 Lectiones
428 2213 510 2276 hand
531 2212 758 2296 improbabiles
779 2214 940 2299 qrrinquet

237 2317 422 2380 01193.
447 2317 499 2378 21.
522 2317 574 2379 32.
585 2314 680 2407 fero
701 2316 728 2395 l(
747 2317 813 2381 tete·
838 2316 927 2381 Pith.
957 2318 1052 2391 Rem.
1086 2319 1162 2381 Seii.

171 2420 240 2482 tuli
267 2418 346 2482 oriri
374 2430 500 2502 poterat
530 2440 570 2488 en
599 2417 708 2484 ultimo
736 2441 771 2483 r.
794 2438 905 2484 versos
926 2422 1074 2503 praeced.
1100 2443 1163 2483 eoc-

172 2521 277 2584 omit.

237 2625 351 2701 Error,
369 2646 462 2708 equo
476 2623 562 2688 sacili
576 2624 757 2690 coniectura
776 2591 906 2712 epregia
922 2624 1041 2709 prodiit
1054 2623 1161 2704 lectio,
1288 2646 1295 2655 ‘

168 2747 272 2790 unsis:
297 2726 349 2790 22.

234 2826 374 2893 Errores
397 2829 551 2896 manifesti
573 2841 711 2914 septem:

234 2931 267 2995 9.
292 2933 419 2996 1013.
445 2934 496 2997 18.
520 2933 572 2998 21.
596 2935 649 3000 25.
672 2935 726 2999 20.

234 3032 405 3098 Lectiones
426 3035 567 3098 incertae
588 3039 687 3100 dinaei

107 3155 110 3158 ’
235 3137 268 3223 ὁ.
285 3139 336 3204 11.
353 3139 447 3221 (quae
465 3137 587 3222 quidem
603 3142 644 3202 ad
656 3141 739 3204 hnnc
754 3118 839 3206 Coll.
854 3134 1014 3223 pertinere
1026 3136 1162 3223 nequit.)

233 3239 415 3316 Lectiones,
428 3256 509 3324 quae
519 3241 773 3326 interpolationis
784 3243 921 3326 speciem
932 3244 1061 3316 habent,
1075 3251 1160 3305 tres:
1223 3336 1226 3342 Ι

233 3343 266 3405 8.
290 3343 343 3406 12.
367 3344 420 3406 10.

234 3445 301 3508 Hes
324 3443 442 3508 scilieet
459 3443 569 3510 ultimo
584 3448 658 3510 loco
679 3447 752 3521 ideo
767 3443 941 3520 collocavi,
966 3456 1001 3508 ut
1023 3445 1160 3510 inlmios

165 3545 267 3629 ipsius
289 3547 398 3630 eapitis
420 3548 481 3612 line
503 3571 601 3613 meam
623 3548 832 3631 suspicionem
849 3550 1034 3630 proderem,
1061 3547 1161 3613 Codi-
1180 3540 1200 3557 ”
1277 3618 1284 3643 χ

163 3670 232 3712 cem
244 3649 338 3711 istum
356 3650 520 3733 aliquando
533 3651 712 3736 integrum,
733 3652 785 3716 vel
801 3650 890 3714 etiam
904 3650 969 3715 eins
987 3651 1160 3731 exemplar,

166 3771 355 3835 quamquam
374 3753 459 3817 haud
479 3753 587 3835 paneis
608 3754 640 3816 in
661 3757 757 3817 rebus
780 3754 1053 3836 praestabiliorem
1073 3764 1160 3815 cete·
1251 3780 1257 3785 ·

165 3853 211 3915 ris
236 3840 360 3916 duobus
388 3854 471 3917 inter
506 3876 540 3918 se
570 3856 753 3933 simillimis,
791 3868 894 3919 tamen
920 3855 952 3918 in
985 3853 1160 3937 prooemiis

166 3956 351 4039 praesertim
373 3956 550 4020 fabellarum
579 3959 620 4021 ab
646 3958 771 4024 homine
788 3981 856 4024 ¹non
876 3978 1008 4041 prorsus
1031 3955 1160 4018 indocto
