2834 4630
650 447 749 508 [ran.
768 449 825 510 vu]

462 538 466 549 ’
564 660 568 669 ¹
639 570 845 638 suenus.

426 711 542 782 Seruum
561 712 765 765 aestimandum
786 730 860 781 esse,
880 731 935 765 non
954 712 1051 769 verba.

292 849 389 917 Ixion
411 855 500 937 quod
521 851 645 916 versari
665 863 814 915 narratur
835 863 925 928 rota,

249 953 438 1019 Volubilem
461 955 623 1019 fortunam
642 954 884 1020 iactari-doeet.

248 1059 415 1122 Adversus
435 1055 518 1121 altos
539 1055 696 1140 Sisyphus
721 1069 843 1124 montes
865 1057 933 1141 agit

211 1144 215 1155 ’
248 1163 368 1224 Saxum
388 1158 500 1250 labore
522 1181 661 1236 summo,
684 1163 774 1247 quod
792 1164 831 1225 de
853 1159 991 1236 vertice,

247 1266 374 1331 Sudore
395 1284 521 1346 semper
543 1261 656 1339 irrito,
672 1264 877 1337 revolutum

247 1364 398 1433 Ostendit
418 1364 582 1429 hominnm
603 1364 670 1429 sine
690 1367 753 1429 line
771 1388 840 1430 esse
865 1365 1019 1429 miserias.

246 1469 344 1551 Quod
366 1478 451 1531 stans
473 1466 506 1530 in
528 1489 621 1533 amne
639 1468 792 1532 'santulus
810 1446 918 1533 inedie
940 1467 1024 1545 sitit;

243 1570 352 1637 Avari
369 1568 608 1646 deseribuntur,
631 1591 716 1654 quos
734 1568 927 1633 circumfluit

242 1673 330 1739 Usus
352 1675 533 1748 bonorum,
556 1674 612 1734 sed
632 1671 679 1734 nil
695 1683 829 1754 possunt
846 1683 991 1757 tangere.

243 1774 343 1842 Urnis
360 1775 512 1840 scelestae
533 1771 694 1838 Danaides
715 1785 847 1856 portant
867 1797 981 1860 squas,

243 1879 381 1959 Pertusa
402 1899 463 1942 nee
483 1876 647 1961 complere
667 1889 801 1959 possunt
822 1877 927 1953 dolie3

206 2042 210 2047 .
242 1980 367 2058 Immo,
388 1976 532 2045 luxuriae
551 1979 706 2065 quiequid
728 1978 870 2056 dederis,
891 1979 1040 2062 perfluet.

241 2084 372 2148 Novem
390 2093 564 2166 porrectus
586 2081 704 2163 Tityos
724 2093 774 2147 est
793 2103 853 2165 per
874 2081 1003 2168 iugera,

236 2184 347 2275 oviset
367 2197 509 2256 renatum
526 2206 703 2271 suggerens
723 2206 846 2270 poenae
864 2183 971 2263 ieeur;

242 2289 318 2371 Quo
336 2286 408 2376 quis
430 2287 584 2354 maiorem
604 2287 749 2371 possidet
768 2300 873 2353 terrae
893 2289 1019 2367 locum,

240 2393 320 2457 Hoc
340 2395 576 2457 demonstratur
598 2413 675 2454 eura
696 2389 849 2476 graviore
871 2390 979 2456 adfioi.

241 2493 402 2563 Consulto
422 2493 560 2560 involvit
583 2493 751 2558 veritatem
770 2492 958 2580 antiquitas,

240 2597 286 2670 Ut
305 2596 430 2683 sapiens
450 2595 663 2682 intelligeret,
683 2607 809 2662 erraret
827 2595 927 2662 rudis.

637 2795 737 2858 [run.
758 2798 828 2860 vlt]

625 2900 833 2975 AUCTOR,

550 3024 596 3077 De
615 3025 729 3078 oraculo
749 3025 898 3096 Apollinis.

279 3136 397 3206 Utilius
417 3135 512 3203 nobis
534 3136 612 3223 quid
628 3135 669 3206 sit
689 3136 756 3214 dic,
780 3138 934 3214 Phoebe,
958 3140 1114 3216 obsecro,

237 3241 302 3322 Qui
323 3241 470 3326 Delphos
493 3250 524 3305 et
544 3239 724 3309 formosum
746 3241 921 3311 Parnasum
940 3240 1069 3308 ineolis.

234 3474 334 3530 proprio
353 3470 527 3527 conoponebat,
559 3483 601 3514 eur
618 3469 678 3516 hane
697 3466 804 3516 lacunam
822 3471 940 3518 fecisset?
975 3474 1076 3519 Videtur
1093 3475 1164 3534 igitur
1185 3489 1215 3522 ex

234 3545 332 3600 antiquo
350 3543 430 3586 codice
448 3541 480 3585 ita
503 3545 528 3584 ut
545 3554 585 3585 res
606 3544 659 3586 erat
676 3542 842 3595 descripsisse.
879 3542 932 3602 Ego
949 3548 1028 3589 temen
1046 3546 1150 3591 diuersus
1170 3547 1215 3591 tuoe

235 3628 288 3659 essa
311 3611 464 3667 epitaphium
485 3610 580 3655 tabulae
599 3611 658 3665 lV.,
690 3611 735 3656 nisi
755 3612 778 3656 iu
797 3612 885 3658 Codice
904 3614 1030 3659 Perottino
1046 3617 1093 3660 alia
1109 3616 1216 3660 earmina

234 3683 356 3737 eosnpluru
377 3681 480 3725 luissent
497 3682 646 3735 interposita.
683 3682 746 3726 ntur.

284 3754 345 3798 Fen.
364 3751 409 3794 vt.
445 3747 765 3811 (l)-qns'oers.Nesp.
802 3748 1093 3812 (filseesmt'eerc'nelz.
1112 3768 1212 3804 -um.

232 3837 288 3868 me
303 3819 446 3875 VahNesp.
483 3818 520 3875 (9)
539 3843 572 3854 -
591 3818 657 3865 nitet
672 3823 748 3867 Vnt«
765 3818 819 3876 (lo)
836 3821 969 3880 scelestas]
983 3824 1013 3867 Z.
1030 3823 1089 3871 ruat.
1108 3846 1141 3860 ··-
1159 3836 1215 3868 aee·

230 3896 310 3938 leatus
322 3894 377 3938 Vnt.
394 3890 469 3945 osup.
507 3886 562 3946 (li)
581 3887 675 3950 Tristi}
691 3891 712 3936 1.
729 3889 812 3947 Ζ.,-
832 3891 928 3937 Tristis
939 3895 995 3941 Vst.
1008 3892 1083 3950 Neup.
1104 3916 1131 3933 ·-
1148 3906 1212 3952 pens

231 3963 307 4021 Neap.
343 3957 399 4020 (15)
417 3957 485 4021 puts]
501 3959 520 4004 l.
541 3959 570 4004 C.
594 3960 624 4008 Z.
644 3983 678 3996 -
695 3960 798 4028 quisque
813 3963 870 4007 Vnt.
891 3961 967 4018 Naap.
