2870 4626
1002 329 1168 397 ,97

303 496 320 537 a
343 470 514 536 Vincentio
538 468 588 533 vel
611 491 627 532 a
650 468 792 553 Rigaltio
814 469 865 531 vel
888 488 905 529 a
927 468 1035 532 Gudio
1058 465 1109 531 vel
1131 470 1171 530 ab

301 577 348 639 his
377 575 521 639 omnibus
551 567 729 662 ὃιαρῤἡδην
756 570 830 635 huie
859 569 971 635 Codici
1006 569 1171 633 tribuitur.

167 704 209 766 g.
234 680 274 738 ἐ
303 679 471 751 varietas,
505 697 587 761 quae
609 696 625 736 a
645 673 751 739 Gudio
766 674 837 737 solo
852 673 897 736 sie
911 685 1056 736 notatur:
1079 676 1172 743 Ms.,·

182 829 186 833 .
308 781 361 864 qui
381 793 484 842 tamen
511 779 608 858 liber,
641 787 675 840 ut
695 775 854 858 praedixi,
886 774 964 839 alius
984 795 1002 838 a
1023 771 1173 839 Remensi

305 904 372 946 esse
395 881 515 966 nequiit.
549 940 552 943 .

173 987 227 1052 D·
248 1014 286 1052 =
306 987 410 1057 Vetus
431 983 573 1050 Danielis
595 982 755 1045 chartulas
779 976 949 1064 eademque
972 977 1060 1047 Coo.
1076 979 1173 1044 Peta-

305 1086 435 1162 rianus‚
459 1086 655 1161 Vossianus,
680 1085 821 1148 schedae
844 1084 981 1169 Regiae.

174 1189 226 1255 N·
248 1219 285 1257 =
306 1188 420 1256 Codex
442 1188 569 1259 Nicolai
590 1187 736 1273 Perotti,
768 1208 809 1251 ex
836 1187 898 1250 lide
920 1184 1065 1250 Iannellii
1086 1187 1174 1248 dum-

303 1301 408 1368 taxat,
450 1289 572 1354 ratione
600 1290 705 1353 habita
738 1288 830 1354 etiam
862 1289 1055 1353 schedarum
1085 1286 1173 1351 Dor·

304 1392 515 1457 villianarunr.
567 1394 638 1457 Hae
670 1392 724 1459 ubi
756 1391 828 1457 ialsi
857 1391 976 1476 aliquid
1007 1391 1173 1466 exhibent,

304 1495 489 1577 simpliciter
510 1495 541 1561 in
563 1495 741 1577 parenthesi
763 1492 879 1558 adiecit
909 1495 954 1561 N.
976 1496 1054 1573 (non
1078 1537 1089 1558 ι
1112 1536 1123 1559 ·
1148 1497 1174 1574 0)

179 1599 227 1664 A.
249 1617 286 1663 .=
306 1600 493 1678 Anonymus
515 1598 659 1662 Nilantii.
777 1644 781 1657 .

178 1725 216 1784 p.
248 1732 285 1768 =
306 1700 414 1763 Editio
435 1699 584 1783 princeps
610 1701 799 1767 Pithoeana,

179 1805 219 1873 S.
248 1802 415 1870 :Editio
438 1803 662 1869 Schwabiana.
707 1801 823 1867 Cetera
841 1801 1030 1885 ,compendia
1058 1824 1118 1886 per
1139 1823 1175 1867 se

307 1904 538 1990 intelliguntur.

246 2046 349 2126 Quum
381 2046 547 2127 typotheta
576 2067 595 2108 a
626 2067 676 2109 rue
707 2046 901 2128 postularet,
933 2057 968 2108 ut
996 2045 1177 2130 longiorem
1208 2096 1217 2115 .

182 2148 275 2211 etiam
304 2151 469 2212 redderem
500 2149 582 2210 hane
608 2146 856 2230 praefationem,
894 2169 961 2211 rem
995 2149 1075 2211 euim
1103 2147 1177 2213 iore
1291 2176 1293 2180 ·

180 2272 315 2333 prorsus
335 2251 502 2315 inauditam
526 2272 563 2313 ae
584 2250 711 2334 pessimi
733 2250 887 2332 exempli,
917 2250 944 2317 si
972 2251 1097 2336 pagella
1119 2271 1176 2320 va·

182 2364 289 2430 earet,
313 2374 375 2438 ego
396 2353 473 2420 nihil
494 2356 666 2422 addendum
687 2353 782 2418 habui
805 2353 865 2418 nisi

307 2494 455 2565 Nrconsr
476 2493 629 2562 Pssorrr
651 2516 693 2557 sn
714 2495 880 2563 Prnnnmu
901 2494 1071 2563 Nerornnr

461 2677 464 2682 Ι
584 2617 783 2670 rnonoomu,
854 2658 856 2663 .

310 2719 384 2782 Non
406 2728 479 2782 sunt
499 2718 533 2785 hi
554 2717 632 2796 mei,
656 2740 739 2804 quos
760 2730 871 2802 putas,
895 2717 1062 2796 versiculi,

266 2821 330 2892 fied
351 2820 476 2905 Aesopi
497 2832 588 2897 sunt,
620 2820 739 2887 Avieni
760 2833 792 2884 et
813 2822 971 2886 Phaedria

269 2923 360 3003 Quos
382 2923 516 3009 collegi,
539 2935 575 2989 ut
595 2936 717 3001 esseut,
741 2925 888 3005 Pyrrhe,
911 2924 1005 2998 utiles
1026 2924 1104 3001 tibi,

270 3026 404 3109 Tuaque
427 3046 519 3090 causa
541 3027 665 3111 legeret
684 3027 854 3109 posteritas
880 3066 882 3069 ·

269 3129 361 3217 Quas
384 3127 552 3192 edidissent
572 3128 634 3191 viri
657 3129 762 3202 docti,
785 3129 921 3201 iabulas,

268 3229 397 3294 Honori
418 3243 449 3293 et
470 3230 589 3295 meritis
612 3230 717 3299 dicavi
737 3231 810 3297 illos
832 3232 892 3295 tuis

268 3332 369 3414 Saepe
391 3331 568 3398 versiculos
590 3333 793 3415 interponens
815 3354 926 3412 meos,

224 3511 228 3517 ⁶
271 3433 429 3514 Quasdam
452 3435 514 3497 tuis
536 3435 625 3518 quasi
645 3435 771 3499 insidias
793 3435 941 3512 aurihusn

271 3535 360 3598 Solet
382 3535 500 3620 quippe
521 3537 630 3603 iuvare
651 3536 712 3605 ista
738 3537 886 3603 varietas.

267 3638 338 3711 Hos
361 3637 387 3700 si
409 3640 516 3722 leges,
541 3639 703 3717 laetabor,
728 3639 774 3703 sin
797 3653 899 3705 autem
921 3644 1021 3713 minua

267 3738 438 3803 Habebunt
460 3751 564 3817 certe,
589 3762 654 3825 qrao
676 3764 710 3805 se
732 3744 910 3821 oblectent,
933 3746 1070 3829 posteri.

267 3842 361 3903 Nune
382 3842 560 3906 tabularum
583 3865 645 3907 eur·
666 3846 712 3908 sit
732 3847 903 3912 inventum
924 3871 1034 3932 genus

269 3943 366 4009 Brevi
388 3947 535 4017 docebo:
560 3947 711 4015 Servitus
734 3951 887 4021 obnoxio
