2870 4626
660 589 755 649 [res.
780 588 880 650 nint«

349 734 566 802 sisennus,
612 695 1174 803 u1ssniconnisnoclvn.

309 875 371 955 Qui
392 876 457 940 fert
479 876 565 940 malis
587 876 754 952 sterilium,
779 889 853 959 post
874 889 997 959 tempus
1019 879 1119 942 dolet.

268 981 350 1042 Gelu
370 977 524 1063 rigentem
546 979 670 1062 quidam
693 980 855 1043 colubram
878 979 1003 1043 sustulit

267 1082 406 1163 Sinuque
425 1081 524 1156 fovit,
549 1093 660 1145 contra
682 1103 716 1144 se
738 1081 807 1164 ipse
827 1081 1033 1145 misericors:

266 1186 411 1266 Namque
431 1196 467 1251 ut
487 1183 606 1248 relecta
628 1196 694 1259 est,
717 1184 822 1248 necuit
842 1184 1001 1248 hominem
1021 1184 1181 1266 protinus.

265 1289 359 1350 Hanc
379 1288 438 1350 alis
460 1309 555 1371 quum
576 1299 708 1371 rogaret
727 1307 852 1351 causam
873 1285 1042 1362 facinoris,
1236 1287 1257 1352 5

267 1390 462 1472 Respondit:
488 1391 537 1453 Ne
559 1388 628 1473 quis
651 1389 750 1453 discat
769 1391 923 1473 prodesse
944 1387 1110 1472 improbis.

665 1608 763 1670 [sss.
789 1609 868 1671 nn]

525 1758 712 1824 VULPES
734 1760 796 1823 ET
817 1757 993 1824 DRACO.

307 1898 448 1979 Vulpes,
472 1898 575 1962 cubile
596 1897 738 1973 fodiem,
763 1900 835 1960 ditm
857 1910 974 1962 terram
996 1897 1078 1961 eruit

265 2000 408 2085 Agitque
429 2001 535 2082 plures
558 2000 650 2065 altius
671 1999 874 2076 cuniculos,·

266 2101 421 2166 Pervenit
441 2105 481 2164 ad
502 2102 647 2166 draconis
669 2103 850 2184 speluncam
872 2100 1033 2178 ultimam,

182 2194 186 2205 ⁴
253 2203 475 2270 ⁴Custodiebat
496 2204 549 2289 qui
569 2206 734 2268 thesauros
757 2205 894 2269 abditos.

266 2307 363 2370 Hune
383 2306 474 2371 simul
495 2307 634 2389 aspexit:
660 2310 747 2384 Oro,
770 2319 807 2370 ut
826 2306 1040 2389 inprudentiae
1235 2308 1255 2371 5

265 2410 332 2474 Des
355 2409 488 2491 primum
510 2409 651 2484 veniam3
674 2411 782 2473 deinde
803 2409 831 2473 si
851 2410 983 2492 pulchre
1004 2409 1111 2484 vides,

266 2513 368 2591 Quam
390 2534 453 2576 non
475 2514 665 2576 conveniens
687 2534 795 2585 aurum
817 2512 859 2576 sit
879 2512 961 2576 vitae
983 2533 1089 2588 meae,

266 2617 473 2696 Respondeas
495 2615 677 2677 clementer.
722 2616 823 2693 Quem
844 2615 982 2678 fructum
1003 2614 1089 2697 capis
1140 2683 1142 2686 Α
1181 2619 1202 2665 '·

265 2718 340 2783 Hoc
361 2737 402 2779 ex
423 2717 549 2792 labore,
574 2719 699 2800 quodve
723 2728 840 2779 tantum
862 2728 909 2779 est
931 2717 1123 2799 praemium,

265 2819 311 2882 Ut
331 2839 437 2881 careas
459 2839 571 2883 somno
594 2830 626 2883 et
649 2840 758 2882 aevum
780 2819 812 2882 in
834 2820 973 2883 tenebris
995 2819 1130 2905 exigas?
1215 2822 1265 2884 to·

266 2921 415 2996 Nullum,
439 2920 538 3003 inquit
558 2921 632 2997 ille,
657 2943 767 2985 verum
787 2924 852 2986 hoc
873 2938 892 2985 a
912 2943 1033 2986 summo
1056 2922 1130 2988 mihi

264 3137 322 3202 (³5)
341 3147 514 3202 exspectantes
530 3140 637 3202 posteri]
661 3143 692 3188 R.
711 3144 829 3203 Bongsrs.
851 3143 913 3189 soni.
934 3166 966 3176 —
984 3149 1159 3200 exspectantes
1172 3151 1255 3201 poetes
1291 3162 1297 3171 ·

265 3225 309 3257 ros
332 3213 363 3257 Ρ,
391 3226 413 3268 p.
446 3214 499 3269 (ttic
516 3228 570 3258 cum
587 3211 723 3268 asterisco.)
740 3224 778 3260 mo
795 3217 942 3271 exspectaret
959 3219 983 3255 et
995 3214 1091 3271 posteri
1102 3213 1188 3273 Rigalt.
1207 3214 1253 3260 Ed.

266 3279 290 3325 2.
310 3283 335 3326 8.
377 3280 434 3337 (36)
461 3297 534 3343 quum
557 3281 629 3342 sidet]
648 3284 701 3328 scil.
721 3285 806 3341 aliquis
832 3296 923 3327 eornm.
951 3281 980 3327 Ρ.
1011 3282 1042 3327 ll.
1069 3296 1093 3347 p.
1110 3293 1149 3330 so
1165 3283 1255 3342 quisi,

264 3351 306 3396 det
319 3353 407 3412 ltigalt.
431 3352 457 3396 S.
476 3354 520 3410 (-
536 3366 610 3412 quum
625 3352 706 3398 rident
721 3367 744 3398 c.
762 3349 884 3410 olfaciunt
900 3350 1029 3411 Bongers.)

315 3422 374 3466 Fse.
395 3422 466 3466 m.
502 3422 678 3481 (ll-tepus
696 3423 727 3467 P.
768 3421 807 3478 (l)
825 3419 918 3479 necuit]
937 3435 961 3476 p.
981 3422 1007 3465 S.
1026 3422 1160 3466 —nocnit
1175 3422 1206 3468 Ρ.
1223 3422 1255 3467 ll.

315 3491 374 3535 Fls.
397 3491 458 3536 XX.
495 3490 643 3551 (qulpesJ
662 3492 693 3540 N.
716 3501 747 3535 =
767 3492 847 3550 culpis
861 3492 898 3535 bis
911 3491 940 3538 P.
952 3491 982 3543 ll.
994 3504 1017 3546 p.
1032 3492 1058 3537 S.
1079 3489 1116 3544 (2)
1132 3492 1257 3547 :pluris

265 3559 295 3607 N·
314 3561 447 3614 „Pithoeus
475 3562 576 3606 inseruit
598 3568 637 3616 et,
670 3564 740 3607 metri
763 3562 859 3607 eeuse.’'-
883 3563 959 3605 Beue.
1002 3559 1057 3605 tlon
1076 3561 1121 3604 hoc
1139 3562 1256 3615 eredere,

265 3631 351 3673 lector.
388 3626 425 3687 (3)
445 3629 565 3688 nltimam]
585 3631 614 3678 Ρ.
632 3631 661 3676 ll.
681 3645 705 3687 p.
725 3633 824 3676 Doctius
844 3630 964 3677 huomini
982 3630 1187 3675 videtnrmarime
1201 3643 1257 3685 pro-

265 3704 317 3754 pter
343 3699 450 3745 Terentii
476 3697 607 3744 Heautont.
636 3696 665 3756 5,
694 3698 725 3754 1,
751 3699 792 3747 29.
817 3698 865 3744 Est
893 3697 955 3743 milei
986 3699 1075 3743 ultimis
1095 3700 1209 3744 concluse
1230 3699 1259 3743 in

264 3767 367 3812 nedibus
385 3767 521 3827 quoddam,
549 3781 619 3827 qoem
638 3771 700 3826 quod
728 3771 799 3815 hebet
821 3767 972 3817 uernans
995 3768 1097 3821 Bentleii
1125 3769 1187 3813 coni.
1210 3769 1255 3814 S.:

263 3847 302 3884 oo
319 3839 442 3882 intimam.
479 3834 517 3895 (6)
541 3856 576 3872 -·
601 3851 701 3883 sensum
729 3839 760 3885 P.
787 3854 801 3884 n
827 3852 865 3896 pr.
885 3851 965 3882 menn.
1011 3833 1054 3897 (d)
1079 3861 1111 3873 -
1129 3837 1201 3895 repis
1222 3832 1254 3882 tt.

265 3905 414 3962 (9)‚,1·:mt
435 3907 533 3961 (indies,
559 3922 629 3966 quum
655 3910 745 3954 essen-it
775 3902 812 3954 nte
827 3922 892 3954 ¹esse
913 3907 937 3951 in
962 3906 1022 3952 (lod.
1051 3906 1115 3967 quod
1137 3908 1257 3952 sentum.’'

264 3978 341 4035 tiens.
371 3977 448 4029 ,Certe
472 3978 531 4024 nihil
548 3974 691 4031 eiusmodi·
712 3979 742 4024 ll.
765 3980 853 4024 nonsit
874 3979 942 4024 vinc.
979 3974 1036 4035 (ll)
1053 3974 1098 4022 dos
1115 3991 1131 4021 a
1150 3973 1257 4035 sunem]
1312 3976 1314 3979 ’
