2870 4626
143 465 238 547 Quid
258 460 466 546 profecisset,
491 480 585 544 quum
608 477 735 521 crearer
757 452 937 518 masculus?

142 567 345 651 Beqelicium
368 585 514 650 magnum
536 582 619 624 saue*
632 560 727 622 uatali
749 559 852 633 dedit,

144 673 198 735 Ut
221 680 436 751 exspectarem
458 666 573 729 lanium
595 663 626 725 in
647 663 744 725 horas
766 661 924 745 singulas!

144 773 254 839 Cuius
275 782 415 853 potestas
436 770 519 833 nulla
541 769 574 833 in
601 765 760 852 gignendo
782 765 859 839 fuit,

147 875 225 941 Cur
247 873 366 937 haesit
388 874 521 954 potior,
545 893 625 949 qtrae
647 867 776 955 iacentis
800 864 937 929 miserita
960 874 1006 925 cst

150 978 355 1060 Dulcemque
377 987 489 1058 sponte
510 985 650 1058 praestat
664 965 939 1036 benevolentiam?

148 1080 248 1144 Facit
269 1089 414 1162 parentes
436 1076 582 1154 bonitas,
606 1097 671 1140 uon
693 1073 873 1136 necessitas.

198 1182 258 1245 His
280 1169 494 1246 demonstrare
516 1178 621 1243 volrrit
642 1189 754 1242 auctor
776 1175 922 1239 versibus

150 1286 321 1352 Obsistere
342 1282 486 1347 homines
508 1281 650 1366 legibus,
674 1279 792 1344 meritis
813 1275 897 1360 capi.

551 1501 649 1560 [rin.
671 1498 758 1559 uve]

408 1639 584 1706 ClCADA
609 1642 671 1704 ET
693 1636 898 1704 NOCTUA.

198 1779 395 1846 Humanitati
417 1780 473 1865 qui
493 1801 526 1842 se
548 1802 611 1844 uon
634 1780 872 1853 accommodat,

154 1887 350 1969 Plerumque
373 1904 492 1966 poenas
516 1881 638 1965 oppetit
660 1880 842 1964 superbiae.

171 2038 176 2051 .
199 1987 316 2052 Cicada
340 1988 487 2048 acerbum
510 1996 644 2048 noctuae
666 1982 842 2048 convicium

157 2091 327 2166 Faciebat,
352 2088 464 2152 solitae
486 2072 611 2151 victum¹
625 2087 657 2149 in
681 2085 818 2149 tenebris
841 2105 1014 2168 quaerere,

158 2191 318 2277 Cavoque
339 2212 429 2254 ramo
453 2211 567 2273 capere
588 2211 730 2253 somnum
752 2187 902 2250 interdiu.
988 2212 994 2223 ’
1135 2183 1154 2245 5

156 2296 288 2380 Rogata
311 2304 376 2368 est,
400 2303 435 2354 ut
455 2303 589 2355 taceret.
633 2291 742 2354 Multo
770 2289 899 2381 validius

158 2397 308 2463 Clamare
331 2393 488 2477 occoepit.
534 2396 658 2458 Rursus
680 2397 806 2457 admota
828 2413 926 2475 prece

157 2502 307 2563 Accensa
329 2497 428 2581 magis
451 2507 510 2559 est.
554 2498 682 2563 Noctua
704 2509 738 2559 ut
761 2496 838 2559 vidit
860 2495 920 2558 sibi

155 2602 288 2667 Nullum
310 2620 378 2663 esse
400 2599 551 2663 auxilium
574 2612 606 2662 et
627 2602 725 2663 verba
747 2597 905 2663 contemni
926 2619 1002 2674 sua,

159 2802 242 2847 subest
261 2812 349 2856 error,
377 2814 421 2857 pro
438 2782 564 2847 Pithoeairi
584 2796 695 2860 fecisset
712 2802 779 2856 peius
798 2804 869 2847 etiem
892 2802 977 2848 babet:
997 2792 1157 2861 -suiieet5

158 2877 285 2928 utrumque
302 2884 360 2916 vero
382 2883 453 2915 sensu
468 2876 542 2929 caret.
577 2871 704 2916 Aberravit
724 2872 778 2915 scil.
798 2872 911 2916 librarius
929 2873 1065 2933 archetypi,
1096 2873 1157 2916 nude

157 2942 277 2986 fluxerunt
305 2941 336 2986 P.
360 2945 383 2985 et
409 2941 456 2995 R.,
475 2955 490 2984 a
507 2954 546 2985 rr.
575 2939 629 3002 Age
649 2953 729 3000 porro
750 2943 779 2985 ad
803 2942 858 2995 syll.
876 2937 1061 2999 prosequentis
1080 2954 1156 2997 vers,

157 3011 238 3056 media
256 3011 377 3055 omittens.
425 3011 517 3055 annns
534 3010 603 3055 tacite
624 3011 749 3055 occultavit
766 3011 897 3066 Pithoeus,
918 3013 980 3056 coni.
1000 3011 1156 3056 rescribens:

158 3079 213 3140 Ago
229 3092 308 3139 porro
330 3080 435 3134 scieret,
454 3093 529 3139 quum
546 3093 649 3129 crearer
672 3081 820 3125 inescatus:
841 3082 890 3136 ita,
921 3086 946 3125 ut
968 3095 1006 3126 vr.
1025 3094 1100 3139 quum
1118 3093 1156 3123 cr.

158 3164 239 3197 marc.
258 3151 287 3192 ad
304 3162 372 3207 seqq.
392 3150 558 3207 traherentur3
577 3151 601 3193 in
621 3164 667 3208 quo
689 3151 768 3205 plnres
786 3150 899 3194 Editor-es
920 3152 1007 3195 merito
1021 3151 1157 3194 haeserunt.

158 3220 211 3264 Hoc
228 3224 308 3264 tamen
334 3232 358 3263 v.
378 3220 470 3264 scisset
487 3225 606 3277 tamquam
624 3221 741 3274 scriptura
763 3219 823 3263 cdd.
843 3223 950 3276 ipsorum
974 3220 1050 3265 adhuc
1071 3232 1159 3275 propa·

158 3294 241 3349 gutum
258 3292 304 3336 est.
339 3285 397 3345 (13)
418 3299 449 3331 =
469 3301 530 3333 enne
547 3302 668 3349 maguum
688 3289 718 3334 N.
763 3284 853 3348 (ibid.)
870 3286 961 3346 natali]
983 3288 1014 3333 N.
1034 3303 1058 3344 p.
1079 3291 1105 3333 S.
1125 3288 1161 3322 ·-⁴

158 3359 246 3403 nutele
272 3357 304 3403 P.
333 3357 364 3402 R.
401 3354 458 3412 (11)
485 3356 670 3417 exspectarem]
700 3358 731 3403 N.
759 3371 783 3412 p.
816 3361 842 3403 S.
868 3382 901 3392 -
919 3364 1059 3416 spectarem
1076 3359 1108 3403 P.
1127 3358 1157 3402 R.

159 3424 215 3484 (15)
236 3448 265 3461 -
284 3425 422 3487 gygnendo
439 3428 470 3472 P.
515 3424 629 3489 (16)-
646 3428 750 3472 miserto
770 3428 800 3472 N.
843 3426 898 3482 (17)
918 3437 949 3471 =
970 3428 1160 3477 benivolentium

158 3496 189 3541 P.
212 3497 243 3540 R.
256 3496 287 3543 N.
310 3511 334 3552 p.
384 3493 440 3556 (18)
466 3506 505 3544 oo
529 3503 660 3555 parentem
687 3497 717 3541 N.
767 3496 905 3554 (1111.)-
924 3499 1042 3544 nativitas
1060 3499 1157 3543 Romul.

159 3563 218 3623 (20)
238 3564 348 3627 legibue]
367 3580 391 3621 p.
411 3567 437 3610 S.
457 3589 490 3600 -
507 3567 617 3626 tegimus
636 3566 666 3610 P.
687 3568 730 3622 (De
749 3567 778 3612 tt.
797 3568 857 3611 haud
879 3568 992 3622 constat.)

210 3637 270 3681 Fra.
289 3635 360 3680 xvt.
410 3635 460 3690 N.,
489 3631 529 3696 (nt
554 3637 606 3681 fere
632 3637 703 3690 solet)
732 3637 767 3682 sic
798 3638 953 3692 interpolavit
979 3637 1172 3692 promythinmt·

158 3701 214 3752 Non
232 3719 288 3749 esee
307 3711 392 3762 sponte
416 3705 495 3749 alicui
502 3702 653 3764 faciendam
671 3707 810 3760 iniuriam
828 3721 887 3751 nam
905 3709 948 3767 qni
965 3705 1115 3751 humanitati
1131 3718 1160 3751 ee

159 3786 208 3819 nort
225 3774 396 3819 occornmodat
413 3776 485 3830 (ποατ
514 3775 726 3830 accommodant),
742 3777 889 3837 plerumque
902 3789 999 3836 poenos
1016 3775 1061 3820 dot
1078 3775 1159 3832 (uout

159 3842 230 3908 dpnt)
247 3844 392 3907 superbiae.
437 3841 475 3900 (3)
494 3869 527 3878 -·
551 3845 683 3890 consitium
703 3844 734 3890 N.
772 3843 811 3902 (1)
828 3866 862 3884 «a
879 3846 977 3908 Agebat
994 3846 1025 3892 N.
1060 3843 1101 3904 (7)
1118 3857 1159 3887 oc·

160 3912 249 3974 coepit]
274 3914 305 3959 N.
348 3915 465 3969 (Verbum
482 3916 573 3960 mediae
596 3917 667 3960 aetati
686 3929 759 3972 paene
780 3917 887 3979 ignotum
911 3922 934 3961 et
959 3915 1097 3971 saepissime
1117 3912 1160 3955 ob·

161 3983 280 4040 literatum
301 3984 469 4042 interpolatori
491 3985 564 4038 tribui
600 3986 660 4030 bend
689 3983 791 4049 potest.)
822 4007 857 4030 ,-
886 3978 966 4053 coepit
989 3985 1019 4031 P.
1038 3984 1067 4029 ll.
1087 3996 1111 4039 p.
1132 3982 1158 4035 S,
