2834 4630
528 1004 1042 1100 APPENDIX.

694 1209 879 1224 μ*

284 1337 525 1404 PRISCIANI
559 1337 760 1403 CARMEN
795 1339 858 1402 DE
891 1333 1189 1400 PONDERIBUS
1223 1335 1292 1397 ET

471 1456 479 1465 “
665 1450 902 1515 MENSURIS

768 1613 809 1653 AB

284 1712 462 1772 Anonsso
482 1713 719 1772 Anennonno
739 1715 764 1771 n
785 1714 876 1772 con.
897 1678 1072 1771 necnon.
1087 1710 1288 1770 vnnecxr.

473 1817 671 1878 venereos
690 1817 822 1875 xxxn.
845 1814 1098 1876 sneennnnn.

348 2008 485 2071 Easdem
507 2008 577 2072 sere
598 2029 637 2070 ae
659 2006 865 2099 Germanicus
883 2004 1112 2070 vicissitudines
1134 2011 1286 2087 expertus

284 2121 333 2173 est
354 2109 529 2188 Prisciani,
562 2133 654 2194 quem
677 2112 802 2188 dicunt,
826 2109 950 2173 libellus
974 2112 1013 2172 de
1034 2107 1231 2191 ponderibus
1253 2121 1286 2171 et

284 2214 457 2290 mensuris,
482 2236 578 2298 qssum
594 2217 657 2279 hoc
679 2236 807 2299 quoqne
823 2235 882 2297 per
895 2213 1019 2276 scholas
1034 2223 1199 2275 uterentur
1217 2234 1285 2274 rne-

284 2316 354 2379 diae
377 2318 487 2380 aetatis
502 2318 664 2403 magistri,
689 2339 822 2401 eumque
837 2337 895 2385 suo
911 2315 1066 2378 arbitratu
1081 2317 1176 2378 modo
1192 2314 1284 2378 aliter

284 2419 510 2503 disponerent,
533 2425 628 2486 modo
644 2425 856 2485 decertarent.
900 2419 1033 2484 Exstitit
1049 2439 1150 2500 nuper
1165 2419 1284 2482 doctis·

283 2524 380 2586 sinsus
402 2525 585 2609 philologus
608 2527 783 2610 Hungarns
806 2524 919 2607 Steph.
942 2522 1065 2586 Ladisl.
1089 2520 1280 2599 Endlicher,

284 2626 340 2710 qni
362 2648 431 2689 enm
454 2628 573 2692 eCod.
597 2627 750 2691 Bobiensi
771 2629 868 2712 longe
883 2626 1056 2691 auctiorem
1080 2628 1186 2688 ederet
1199 2626 1283 2689 Vin-

285 2732 432 2792 dobonae
471 2730 565 2793 1828.
613 2734 670 2813 ,At
698 2753 774 2794 casn
801 2732 919 2794 fectum
948 2743 1015 2805 est,
1053 2741 1088 2790 nt
1117 2729 1282 2813 ignoraret

284 2833 439 2896 XXXII.
464 2832 544 2897 alios
580 2835 619 2896 ab
647 2834 703 2911 iis,
741 2856 823 2920 qnos
852 2833 921 2917 ipse
947 2845 1023 2916 post
1044 2831 1206 2897 Denisium
1230 2857 1281 2899 ac·

284 2935 424 2998 curatius
447 2936 554 3014 edidit,
580 2938 754 3002 versiculos
777 2949 848 3000 ante
879 2940 939 3025 hos
961 2935 1075 3020 viginti
1096 2957 1196 3000 annos
1218 2939 1283 3019 pri·

283 3062 367 3102 nrum
391 3038 421 3101 in
446 3040 547 3104 lncern
571 3054 753 3125 protractos
776 3063 844 3105 esse
867 3065 883 3105 e
907 3039 990 3106 Cod.
1006 3040 1112 3123 Regio
1127 3041 1172 3103 N.
1187 3042 1280 3106 7211.

284 3144 358 3207 olim
383 3143 596 3223 Colbertino‚
623 3147 779 3211 Gnidonis
792 3144 917 3210 Aretini
932 3144 1049 3227 scripta
1065 3143 1180 3207 musica
1195 3167 1280 3208 conr-

282 3247 512 3328 plectente„a
540 3253 637 3315 docto
671 3251 780 3328 Italo,
818 3246 956 3330 Aloysio
978 3248 1186 3335 Angelonio,
1220 3251 1281 3313 hoc

282 3350 314 3414 in
336 3352 441 3415 libro:

347 3459 484 3539 „Sopra
505 3461 539 3520 lc
561 3459 650 3536 vita,
674 3462 704 3522 le
722 3480 843 3541 opere,
875 3455 960 3519 edit
978 3477 1099 3537 sapere
1117 3455 1153 3518 di
1175 3455 1279 3519 Gnido

284 3557 312 3621 d’
333 3561 485 3634 Anemo,
520 3574 754 3641 restauratore
781 3561 872 3622 delia
903 3558 1042 3623 scienza
1068 3582 1086 3620 e
1108 3558 1184 3621 dett'
1206 3571 1279 3622 arte

283 3663 435 3735 maciem
456 3656 704 3729 dissertazione
724 3664 760 3727 di
776 3662 876 3748 Lnigi
899 3661 1076 3746 Angeloni,
1101 3661 1277 3727 Frrrsinste.

283 3767 322 3830 Si
349 3771 368 3827 ὲ
399 3767 572 3850 aggizcnta
598 3791 621 3829 a
641 3779 762 3852 questa
789 3766 1037 3829 dissertazione
1059 3787 1130 3857 nna
1152 3767 1280 3828 novella

283 3869 439 3946 edizione
467 3870 518 3933 de'
542 3872 631 3934 versi
659 3870 760 3935 latini
785 3892 891 3952 sopra
919 3868 932 3931 i
955 3868 1033 3955 pesi
1062 3871 1133 3932 ele
1155 3867 1277 3930 miscere
1381 3924 1382 3927 ,

282 3973 333 4045 de’
356 3974 505 4041 Romani
526 3998 543 4037 e
566 3974 603 4037 in
620 3988 723 4057 porte
744 3969 856 4038 ancor'
872 3974 922 4038 ἅθ’
944 3974 1047 4039 Greci
1068 3973 1109 4036 di*
1128 3972 1170 4054 Q.
1195 3973 1277 4035 Ren-
