2864 4622
174 511 229 574 Ad
250 530 319 571 cum
342 507 509 591 phoebeos
532 519 659 572 mavors
683 507 833 592 effugerit
854 508 956 591 ignes.

174 612 250 676 Sive
272 610 352 674 aries
374 610 545 695 germiniq.
570 614 663 674 deum
684 610 753 674 sive
775 610 839 674 acri
862 609 976 674 leonis.

175 715 268 778 Sidus
287 725 323 777 et
345 726 457 796 equote
480 714 596 778 librato
619 717 760 797 pondere
782 715 900 777 caelac.
1135 711 1174 774 25

173 818 268 881 Sidus
291 827 455 901 etequate
477 817 595 881 librato
618 820 760 899 pondere
782 817 897 881 leonis.
1089 814 1091 819 ’

172 921 242 986 Aut
263 904 341 985 arcu
362 921 486 1003 pollens
509 932 562 982 etit
582 920 694 984 imbris
715 920 809 984 furor
830 919 968 987 habebit.

174 1024 310 1088 Siocatis
331 1045 444 1088 caecus
466 1023 684 1086 nebulithebet
704 1024 833 1087 habitur
855 1045 922 1087 aer.

173 1127 314 1212 Nullaq3
332 1125 505 1209 praecipite
526 1122 719 1211 sagittabant
742 1148 883 1212 aequora
905 1124 1007 1191 venti.

42 1256 45 1263 ·
76 1283 85 1291 .
173 1230 238 1294 His
261 1228 341 1292 idem
365 1229 451 1295 lento
473 1229 573 1316 signis
596 1250 666 1293 cum
688 1230 833 1313 suprimit
853 1230 951 1315 ignis.
1136 1229 1178 1292 30
1221 1248 1230 1277 t

843 1378 847 1397 .
902 1354 914 1395 ι

174 1416 357 1502 Velligeret
378 1416 469 1502 nigra
491 1436 601 1481 cursus
623 1419 779 1483 stantione
802 1419 943 1481 tenebat.

175 1522 260 1583 Tmn
282 1522 398 1585 crabro
421 1540 553 1604 magnus
575 1531 705 1584 tonetru
726 1522 903 1604 pulsabitur
925 1521 1049 1594 aethan.

174 1624 260 1686 Turn
281 1622 422 1686 resoluta
443 1622 529 1685 dabit
551 1622 673 1687 nimbus
695 1644 765 1686 cum
789 1626 942 1708 grandine
964 1623 1068 1688 nubis.

174 1726 238 1789 Sed
259 1726 359 1810 magis
380 1725 534 1789 hibernae
555 1726 679 1789 steterit
700 1749 771 1790 cum
793 1727 895 1791 sidera
919 1727 1030 1809 partis.

173 1829 327 1892 Effundet
347 1829 614 1894 totae-violentos
636 1831 762 1895 numine
784 1809 884 1894 vires:
1125 1831 1174 1894 35

172 1931 229 1996 Ad
250 1932 393 1997 modicos
414 1929 531 1997 imbres
557 1933 654 2016 provi
675 1956 745 1998 cum
768 1955 888 1999 cornua
910 1933 1006 2005 tauri.

172 2040 416 2125 Frugiferamq.
439 2043 527 2105 deam
549 2041 603 2105 'rel
625 2040 797 2103 brumalem
820 2037 1057 2122 capricornum.

173 2145 334 2230 Adigeret
353 2144 476 2228 liquido
497 2166 561 2209 non
584 2164 698 2207 saevus
723 2145 764 2206 ab
786 2144 914 2207 aethere
936 2143 1060 2207 landet.

171 2247 319 2312 Incertus
341 2267 458 2312 cancro
479 2258 580 2310 terrae
603 2268 674 2308 cum
696 2245 801 2310 letifer
823 2258 909 2310 ortu.

173 2351 278 2414 Strius
300 2349 407 2414 afflavit
427 2349 591 2414 nociturae
614 2360 770 2432 temperat
791 2361 908 2414 aestus.
1022 2339 1024 2344 ¹
1136 2351 1178 2413 to
1252 2376 1256 2383 ·

174 2454 331 2536 Scorpios
352 2452 492 2538 adprime
514 2452 692 2538 quacolitae
715 2452 837 2515 cumina
858 2456 971 2518 cauda.

173 2557 341 2644 Frigidaq.
366 2555 499 2621 extremi
519 2555 581 2618 iam
604 2556 753 2619 claudunt
774 2555 878 2620 sidera
900 2557 1015 2641 pisces.

172 2760 328 2810 hebetabitur
346 2775 371 2818 p.
408 2760 686 2820 (cummuniter
707 2759 878 2823 agitabuntp.
917 2758 976 2820 (30)
993 2763 1129 2822 eupprimit
1152 2777 1176 2819 p.

176 2857 210 2869 -
227 2830 275 2877 Hie
301 2829 367 2876 idern
389 2832 469 2877 lenior
488 2830 576 2878 Pisces
591 2845 666 2890 quum
684 2831 820 2890 eupprimit
840 2832 910 2892 ignia
931 2833 1001 2878 Heln.
1043 2828 1103 2894 (31)
1123 2831 1177 2877 Vel·

172 2904 243 2965 liger
260 2905 284 2946 et
301 2915 325 2957 p.
343 2910 383 2947 ot>
398 2903 506 2946 etaticne
521 2916 544 2958 p.
574 2925 607 2936 -
637 2896 733 2945 tenebat
754 2903 826 2947 etiam
847 2915 869 2958 p.
887 2912 926 2950 oo
944 2902 1035 2947 tenebit
1048 2905 1094 2948 Bu.
1109 2909 1134 2947 ut
1146 2904 1177 2947 Α.

175 2988 191 3019 n
209 2987 258 3019 eec.
281 2985 314 3018 m.
350 2967 404 3027 (32)
421 2981 460 3018 cuo
478 2970 549 3016 Tunc
565 2985 588 3028 p.
608 2971 703 3015 tonitru
721 2984 745 3026 p.
765 2995 798 3006 -
816 2969 901 3016 aether
921 2986 945 3028 p.
982 2969 1038 3027 (33)
1056 2983 1095 3019 <so
1112 2973 1179 3017 nim·

176 3043 221 3089 boe
238 3056 262 3098 p.
281 3064 315 3076 -
332 3039 410 3085 nubes
426 3055 450 3097 p.
487 3038 543 3097 (33)
564 3062 593 3073 -
613 3041 728 3085 steterint
747 3042 794 3085 Bu.
815 3044 857 3086 sed
876 3040 1009 3100 requiritur
1028 3044 1107 3098 potius
1128 3043 1178 3087 eei·

175 3112 256 3166 derit,
276 3116 301 3155 ut
320 3115 358 3156 eet
377 3111 563 3155 Phaenomenon
578 3123 601 3155 r.
622 3107 682 3155 423.
719 3106 776 3167 (35)
794 3111 926 3157 uiolentior
948 3113 1048 3157 numine
1066 3113 1133 3156 eires
1151 3126 1177 3168 p.

101 3172 105 3181 .
175 3203 211 3218 -
228 3182 334 3227 violento
352 3181 449 3225 turbine
466 3183 503 3225 vel
524 3193 653 3224 murmure
671 3180 755 3225 Heius.
786 3202 815 3233 γ-
835 3182 965 3226 violentior
987 3182 1090 3240 agruine
1109 3183 1178 3230 llelv.

175 3250 235 3313 (36)
248 3251 325 3309 proci
345 3248 402 3307 (sic)
421 3264 477 3294 cum
495 3263 626 3294 murmura
647 3263 670 3305 p.
717 3243 777 3309 (38)
795 3248 884 3311 Aliger
903 3257 968 3307 etp.
1006 3247 1060 3306 (39)
1077 3248 1179 3310 lethifer

141 3363 143 3366 ,
175 3335 202 3379 p.
239 3318 295 3377 (40)
315 3319 400 3365 Striua
417 3316 514 3381 afflavit
532 3333 555 3375 p.
599 3315 687 3380 (lbid.)
705 3325 791 3364 aeetae
809 3333 833 3375 p.
871 3321 958 3365 Totum
977 3322 1056 3366 locum
1072 3323 1107 3367 sic
1123 3337 1178 3367 cou-

176 3392 255 3437 stituit
271 3391 411 3436 Helvetios:
442 3388 494 3435 Sed
510 3389 595 3449 magis
612 3387 731 3434 hibernae
749 3391 863 3435 steterint
885 3405 959 3450 quum
976 3389 1063 3436 sidera
1078 3393 1177 3449 partie,
1245 3422 1248 3429 ι

174 3457 387 3522 Έναςιγιναιηᾳιιο
403 3458 485 3504 Deam
511 3460 550 3503 ael
571 3458 710 3503 brumalem
733 3455 929 3518 Capricornum,
958 3458 1115 3507 atmodum
1133 3462 1179 3506 im·

176 3530 235 3576 brer
252 3529 331 3590 proni
353 3543 410 3574 cum
435 3538 565 3573 murmure
586 3527 668 3574 Tauri
699 3527 789 3590 Aliger
818 3536 842 3575 et
859 3530 954 3590 liquido
971 3545 1022 3576 non
1039 3545 1128 3580 eaeoue
1147 3531 1179 3575 ab
1253 3519 1260 3529 ⁸

175 3598 276 3646 aethere
288 3598 387 3662 findet,
411 3596 468 3657 (sic)
486 3597 600 3644 incertus
614 3595 728 3654 Cancro,
747 3605 846 3654 terrae,
872 3615 946 3660 quarn
963 3597 1047 3659 letifer
1064 3608 1121 3647 ortu
1138 3601 1178 3648 si-

92 3725 94 3730 .
175 3671 233 3716 riua
248 3670 351 3733 adjlaoit
364 3669 493 3724 nocituro,
513 3674 635 3725 temperat
654 3674 740 3714 aeetae
746 3682 757 3723 ,·
775 3670 798 3715 iu
820 3672 905 3728 quibus
925 3673 1005 3716 ineunt
1023 3673 1070 3716 alia
1091 3671 1179 3725 probe·

174 3741 235 3789 bilia
251 3741 297 3784 alie
312 3753 411 3795 prorsus
430 3739 577 3793 reficienda,
598 3739 670 3783 veluti
686 3751 742 3783 eum
755 3753 883 3785 mrermure
901 3740 996 3795 Tauri,
1019 3747 1043 3786 et
1054 3742 1177 3786 nocituro.

175 3807 231 3868 (31)
250 3809 380 3868 adprime
401 3823 450 3868 qua
467 3809 528 3853 colit
546 3808 661 3852 acumine
682 3807 742 3870 (sic)
761 3809 842 3854 cauda
859 3824 882 3866 p.
901 3821 939 3858 aio
956 3818 983 3856 at
1002 3812 1103 3868 primae
1131 3823 1179 3868 quo

175 3880 242 3925 tollit
258 3879 376 3923 acuenina
396 3877 492 3923 caudae
509 3878 592 3924 lleine.
641 3874 694 3933 (lb)
713 3898 742 3912 -
759 3880 897 3941 itelaneque
913 3895 937 3936 p.
959 3892 988 3914 ¹-
1009 3878 1106 3924 Martia
1129 3891 1179 3921 non

174 3950 236 3995 illoc
250 3948 384 3995 turbabunt
407 3948 457 3991 tela
475 3961 551 4008 neque
572 3946 665 3992 imbres
686 3948 730 3992 Bu.
755 3971 783 3981 -
804 3948 903 3995 Martia
923 3963 972 3994 non
994 3951 1052 3994 illoc
1072 3945 1181 3991 turbabit

176 4019 252 4066 atella
260 4034 338 4082 neque
350 4016 443 4065 imbreo
453 4018 523 4070 llelv.
561 4013 616 4076 (tl)
629 4015 698 4065 Haut
710 4019 762 4064 ulla
775 4019 862 4067 condet
871 4033 895 4078 p.
905 4018 997 4069 eoAut
1011 4019 1063 4064 ulla
1075 4014 1180 4061 condent
