2834 4630
451 804 1111 946 rnnnlrsrnr

214 1098 216 1105 ι
339 1047 481 1117 CODD.
506 1051 809 1116 BASILEENSIS
830 1052 892 1116 ΕΤ
916 996 1208 1119 TtJRICENSIS.

342 1456 449 1537 Quum
463 1452 589 1539 aliquot
607 1466 679 1518 ante
705 1455 795 1519 annis
818 1453 1117 1520 desideratissimum
1135 1454 1271 1518 fratrem

271 1558 456 1642 ‘patruelem
477 1556 511 1621 in
540 1560 737 1623 emendando
762 1570 857 1644 atque
882 1557 1123 1641 interpretando
1150 1557 1270 1622 Publio

278 1663 365 1742 Syro
386 1658 594 1739 adiuvissem,
617 1682 719 1738 nnnc,
748 1685 845 1747 quum
868 1659 902 1725 in
924 1664 1006 1726 duos
1028 1660 1095 1724 eius
1116 1660 1272 1746 antiquis·
1329 1665 1335 1669 ’

278 1763 379 1830 simos
397 1763 529 1829 codices
552 1763 704 1828 anemine
725 1762 816 1847 prius
831 1786 985 1829 excussos
1000 1785 1075 1829 casu
1090 1761 1270 1839 inciderim,

270 1870 333 1932 hac
351 1866 521 1934 occasione
541 1869 723 1934 Phaedrum
740 1865 984 1952 redintegrandi
999 1866 1107 1931 oblata
1120 1869 1160 1928 ad
1178 1865 1270 1930 illum

276 1992 406 2059 quoque
440 1969 564 2035 reverti
595 1966 733 2051 placuit,
770 1981 805 2032 ut
827 1982 858 2033 et
879 1981 949 2034 tota
974 1969 1072 2035 ratio.
1090 1968 1268 2045 librorum,

278 2073 333 2159 qui
350 2072 417 2137 eius
439 2071 608 2136 sententias
631 2070 726 2136 nobis
747 2084 934 2150 servarunt,
962 2070 1081 2136 clarius
1103 2071 1269 2154 perspice-

278 2184 389 2253 retur‘,
425 2197 537 2240 versus
556 2175 660 2241 adhuc
684 2161 904 2242 delitescentes
921 2186 1164 2258 promerentur,
1201 2173 1269 2239 loci

276 2277 421 2345 nonnulli
454 2277 714 2364 corrigerentur.
758 2278 799 2342 Id
826 2289 929 2341 antem
958 2276 992 2341 in
1012 2277 1124 2362 primis
1145 2299 1268 2342 memo·

275 2378 378 2447 rabile
400 2393 465 2459 est,
500 2374 537 2446 in
567 2381 654 2448 Co'd.
682 2380 797 2445 Turio.
824 2381 994 2466 plerasque
1025 2380 1195 2444 sententias
1220 2380 1266 2445 ita

273 2485 485 2569 interpolatas
492 2507 560 2549 esse
571 2496 669 2569 atque
677 2482 856 2570 inquinatas
865 2483 968 2549 omnis
981 2480 1107 2570 generis
1122 2483 1265 2568 ineptiis,

276 2601 311 2652 ut
321 2586 481 2671 Monachi
496 2585 672 2652 Christiani
679 2586 988 2673 pravumingeniuns
1000 2587 1033 2651 in
1044 2587 1084 2651 iis
1096 2588 1263 2652 manifesto

273 2713 446 2778 agnoscas.
490 2689 545 2754 Sic
562 2688 755 2772 planissimis
775 2712 869 2773 saepe
886 2713 923 2754 ac
942 2690 1173 2757 venustissimis
1188 2695 1263 2754 bar·

273 2798 369 2870 bara,
406 2793 518 2869 stulta,
554 2791 648 2856 etiam
668 2780 784 2878 (fueris
804 2792 969 2875 probabili
992 2793 1147 2859 sententia
1166 2793 1272 2858 desti--

277 2908 344 2961 tura
358 2895 552 2965 substituere
565 2895 619 2959 illa
637 2893 725 2960 natio
746 2899 894 2961 audebat.
918 2899 1021 2972 Idem,
1046 2909 1081 2960 ut
1107 2896 1185 2961 alibi
1209 2901 1263 2962 dc·

275 3000 471 3077 monstravi,
496 2999 612 3064 accidit
624 2997 656 3062 in
672 2999 773 3064 Tullii
786 3005 938 3069 Oratore.
974 2999 1192 3064 Nihilominus
1207 2999 1261 3063 hic

273 3104 343 3188 ipse
359 3104 476 3170 Codex
505 3103 649 3168 serravit
678 3102 812 3188 triginta
844 3100 975 3168 circiter
997 3102 1166 3167 sententias
1188 3114 1259 3168 ante

271 3206 414 3293 ignotas.
432 3242 469 3255 -
481 3206 567 3273 Cod.
578 3205 817 3291 Frisingensem
826 3203 996 3289 descripsit
1007 3206 1037 3270 Ι.
1049 3206 1090 3272 C.
1100 3228 1133 3270 r.
1143 3205 1258 3272 Aretin

273 3310 439 3393 chtrttge
450 3331 511 3373 zur
526 3310 718 3373 Gesehiclrte
731 3331 763 3378 u.
774 3329 800 3372 s.
815 3330 853 3371 w.
881 3326 910 3389 9.
921 3310 1034 3372 Seuer.
1055 3308 1259 3391 September.

273 3407 664 3492 Mttnchen1806.pag.
688 3409 763 3472 257.
890 3458 893 3467 ,
937 3458 940 3459 ⁷
967 3420 969 3427 ’

339 3512 383 3575 0.
407 3514 519 3579 2:10.
543 3508 714 3576 Corradus
737 3510 892 3577 Orellius.

337 3615 380 3677 B.
402 3637 441 3672 =
461 3616 581 3679 Bothe.
