2834 4630
1115 329 1176 395 235

176 492 258 525 casnm
279 480 352 531 etiam
372 490 455 533 anna,
477 487 552 535 parvo
569 473 683 533 globulo,
703 489 716 519 e
734 474 800 520 toliis
818 475 931 520 deorsum
948 474 1081 534 nidmu,
1099 481 1177 522 retus.

176 549 286 597 dantes.’'
305 570 335 582 ·-
354 545 475 593 Emicuit!
488 545 611 590 laesimus
626 550 776 598 trementm
804 542 851 589 sed
866 544 961 589 reduco
972 544 1085 602 pondere
1102 544 1179 591 Gutta

174 626 222 666 eet.
249 619 343 679 Rigter.
380 616 508 673 (Emis-ent
524 606 579 659 soii.
600 628 654 659 oum
670 615 799 659 salmasio.
835 611 869 658 Et
885 614 982 659 micant
998 615 1078 670 Lips.)
1114 617 1177 663 Sed.

174 695 201 734 nt
216 702 301 734 renum
313 689 408 743 fatear,
426 684 552 739 mirandi,
571 685 709 739 splendendi
727 684 827 730 verbnm
844 685 902 728 mihi
923 684 949 729 h.
972 685 989 728 i.
1010 686 1081 744 ionga
1099 688 1177 742 aptius

175 761 270 804 videtur
285 772 356 817 quam
374 760 476 802 atterum
495 752 638 799 enecandi:
656 768 699 798 neo
717 755 871 809 expellendus
889 767 919 798 ex
937 754 982 798 tuoe
999 758 1110 809 poe'nnats
1129 758 1178 800 sin·

175 830 267 888 gulas-is
285 842 341 873 usus
363 826 549 883 praepositionis
564 822 594 867 de
613 826 714 868 masinae
732 829 831 880 propter
847 837 871 868 v.
893 821 935 869 39.
956 829 980 868 et
997 825 1102 869 sirniieas
1119 840 1179 871 eon·

175 900 325 945 suetudinem
345 899 450 957 eiusdem
472 898 557 951 poetas
575 894 599 938 in
629 893 781 951 Frsgmeatis
811 892 860 947 „ds
889 894 1008 952 qualitate
1031 896 1120 939 view
1143 897 1179 955 (r.

175 969 261 1014 Bandii
288 967 394 1013 Amores
411 981 436 1023 p.
458 962 517 1010 213.
538 969 562 1008 et
581 961 639 1009 469.
677 964 832 1009 Wernsdorf.
852 965 925 1009 Tou.
946 960 971 1009 3.
989 977 1014 1020 p.
1035 962 1108 1021 483.)
1126 979 1182 1011 ver·

176 1039 253 1085 sicuto
266 1035 291 1083 d.
310 1036 391 1082 Deles
399 1035 430 1081 de
442 1034 523 1079 labris
535 1034 679 1092 loquuntur.
694 1038 718 1079 ot
731 1032 755 1078 9.
768 1032 846 1078 Amdo
854 1032 885 1077 da
894 1033 990 1078 cornis:
1008 1034 1085 1079 tutius
1093 1036 1182 1080 Firmi·

176 1122 219 1153 eus
236 1109 361 1152 Maternus
381 1106 411 1151 C.
432 1103 457 1152 7.
477 1119 501 1160 p.
521 1100 564 1148 32.
583 1104 662 1151 munt·
681 1102 842 1147 miserandae
862 1104 941 1148 matri
957 1101 988 1146 de
1012 1110 1091 1149 morte
1106 1104 1182 1168 fliius

168 1175 303 1237 funestum
325 1176 496 1235 spectaculum
512 1171 644 1232 praebuit:
665 1173 689 1216 in
710 1173 796 1231 quibus
816 1173 960 1217 Latinorum
982 1172 1013 1217 ds
1039 1176 1184 1230 pedetentim

176 1249 264 1293 transit
275 1249 299 1291 in
313 1247 428 1291 italorum
443 1244 479 1293 di.
500 1265 529 1276 -
549 1242 684 1287 Luerimne
701 1244 796 1288 minent
809 1249 943 1288 trementes
964 1244 1071 1289 Sasine».
1090 1246 1182 1304 Vulgo.

175 1315 233 1374 (1⁹)
252 1314 328 1375 Hine]
347 1317 447 1362 debetur
471 1314 601 1359 Satinssio.
620 1336 653 1347 —
670 1309 712 1357 En
728 1326 814 1359 rursus
836 1314 946 1358 Soiuize.
985 1314 1031 1359 Sed
1048 1315 1109 1359 talis
1127 1328 1185 1370 pro-

176 1388 296 1433 fundenda
311 1400 358 1430 non
375 1391 440 1430 suut.
478 1380 533 1441 (21)
551 1376 675 1442 uirginis]
694 1383 763 1439 Lips.
800 1383 906 1441 Uterque
923 1382 1020 1428 Codex:
1041 1384 1183 1445 virgineus.

176 1454 267 1515 (ibid.)
284 1453 406 1514 humenti]
424 1455 517 1499 Rursus
532 1453 600 1507 Lips.
637 1450 693 1509 (22)
711 1466 784 1497 moue
802 1451 878 1512 totus]
897 1452 937 1497 sio
956 1454 1055 1509 scripsi.
1095 1453 1184 1509 Totus,

177 1528 202 1572 id
223 1532 273 1581 est,
305 1525 435 1581 „omnes”
452 1524 486 1568 uti
504 1536 543 1567 vv.
566 1519 609 1567 51.
630 1526 655 1569 et
674 1519 734 1579 60.;
765 1523 804 1580 qai
820 1535 878 1567 usus
891 1523 1006 1579 frequens
1024 1528 1062 1568 est
1081 1528 1107 1569 et
1124 1526 1185 1580 apud

177 1596 322 1652 Appuleium
339 1600 363 1640 et
382 1596 407 1641 in
426 1594 510 1650 primis
528 1593 590 1647 apud
611 1591 806 1649 Tertullianum
834 1594 895 1638 uude
924 1592 1042 1637 Italorum
1059 1594 1126 1640 tutti.
1151 1617 1186 1629 -·

176 1679 251 1711 muns
270 1671 296 1710 ut
317 1663 380 1709 udas
397 1665 480 1711 Donza
497 1667 578 1717 pater.
598 1661 713 1707 Wernsd.
744 1685 779 1697 -
804 1675 879 1706 mone
901 1661 983 1727 uudqs
1007 1663 1102 1723 Rigier.
1139 1665 1187 1709 Sed

178 1737 267 1790 duplex
285 1735 406 1791 epitheton
433 1733 531 1785 minime
549 1732 643 1786 piaret:
665 1742 747 1777 ,rosus
762 1732 876 1791 virgines
901 1734 1045 1790 suadensque
1063 1739 1105 1779 ant
1122 1733 1187 1779 aaa·

179 1811 222 1850 aut
242 1804 333 1849 nudes.
376 1804 428 1848 Itos
455 1815 548 1861 quoque
573 1799 763 1855 observandum,
791 1815 892 1856 rursus,
924 1804 994 1847 utin
1014 1803 1076 1848 hund
1103 1806 1187 1859 psuois

179 1876 251 1919 huius
274 1875 407 1931 pot'matis,
433 1874 493 1916 italo
518 1869 624 1915 sermoni
647 1870 686 1915 hie
710 1871 782 1915 vetuti
802 1866 925 1926 praeludi:
950 1886 1024 1916 muns
1044 1875 1107 1919 enim
1126 1875 1150 1919 tn.
1168 1875 1186 1918 1.

179 1945 239 1990 nihii
260 1945 324 1988 uliud
342 1957 413 2002 quain
427 1940 534 1993 demant,
553 1940 672 1994 domani,
693 1953 758 1986 eras.
796 1937 850 1996 (23)
868 1939 972 2000 Cypria]
992 1944 1127 1990 Seriverius
1143 1956 1188 2000 pro

181 2015 244 2060 cdd·
259 2014 345 2072 prius.
392 2008 486 2072 Cypria
502 2025 546 2067 pro
564 2006 685 2069 Cypridis
711 2010 801 2055 invenit
823 2012 926 2057 Sehntzs
945 2013 1018 2056 etiam
1035 2013 1060 2058 in
1078 2014 1191 2060 Pseudo«

177 2084 244 2130 Gatti
261 2082 337 2144 Eleg.
358 2081 388 2137 1,
416 2081 458 2128 92.
500 2078 557 2139 (26)
584 2076 672 2138 Unico]
690 2080 757 2126 Pitts.
786 2081 863 2125 'l'otns
879 2087 959 2126 autem
980 2084 1047 2127 iosus
1065 2085 1098 2128 ita
1121 2085 1188 2128 vida·

99 2146 101 2157 '
180 2160 222 2199 tur
246 2153 417 2210 exptioandns,
446 2156 487 2206 nt,
517 2151 539 2194 si
566 2149 634 2206 prius
657 2151 789 2209 cogitemus
813 2164 888 2196 rosus
908 2152 1052 2196 vocabulum
1069 2155 1107 2198 ret
1125 2155 1188 2210 apud

180 2224 307 2269 Horatium
326 2236 426 2268 numero
444 2221 558 2279 singulari
576 2233 749 2276 saepenumero
767 2221 841 2276 poni,
862 2222 902 2266 nbi
921 2235 966 2266 nos
979 2224 1069 2267 utimur
1088 2223 1187 2279 pinnati,

180 2294 318 2351 neutiquam
341 2293 482 2339 haereamus
502 2291 526 2335 in
547 2289 627 2335 subito
651 2290 694 2334 iiio
718 2290 820 2335 transitu
846 2296 911 2335 totae
937 2294 1044 2347 (omnes)
1074 2293 1187 2354 uirgines

180 2363 277 2410 nubant
292 2376 367 2408 rosus
386 2388 396 2399 -
414 2361 492 2406 Facto
509 2364 577 2417 eei.;
594 2372 668 2417 quum
680 2360 729 2406 sit:
749 2360 853 2414 „Omnis
872 2375 929 2406 rosa
947 2363 1009 2407 tacta
1029 2363 1141 2419 Cypridis
1160 2365 1188 2407 de

180 2433 290 2480 eruore''
308 2439 372 2490 cet.;
397 2436 448 2476 tuin
465 2433 489 2477 in
514 2430 558 2474 hae
576 2429 704 2474 Latinitate
722 2432 746 2474 in
768 2433 894 2485 permultis
912 2432 941 2476 ad
964 2433 1130 2490 antiquitatem
1149 2447 1188 2478 re·

180 2506 268 2548 deuote
287 2502 350 2558 (vids
368 2503 406 2549 vel
424 2500 586 2545 Foreettinum
605 2500 629 2545 in
648 2513 672 2546 v,
689 2496 798 2555 Puden)
815 2499 882 2546 Rosa
900 2526 911 2538 ·
929 2527 939 2538 ·
957 2516 1007 2547 non
1018 2502 1120 2560 pudebit
1138 2503 1189 2548 soi·

178 2586 237 2621 oers
260 2573 357 2618 minime
373 2573 495 2617 offendere
513 2570 583 2615 debet
600 2581 661 2625 pro:
680 2568 772 2615 Rosam
791 2595 801 2605 ·
820 2596 830 2606 -
848 2572 968 2616 moritum
983 2571 1053 2631 (iam)
1071 2586 1121 2618 non
1138 2587 1188 2631 pu·

177 2642 246 2689 dedit
262 2656 293 2687 se
311 2644 408 2688 solvere
427 2641 515 2695 unico,
535 2642 558 2685 id
577 2645 631 2695 est,
663 2653 726 2695 uno,
752 2642 791 2698 qui
807 2641 935 2686 etiamtunc
952 2643 1068 2697 restabit,
1102 2645 1188 2688 ultimo

179 2712 253 2759 uodo.
290 2713 336 2758 Vei
353 2714 373 2758 si
395 2714 419 2757 in
433 2712 477 2756 has
494 2712 672 2756 construetione
692 2711 836 2767 offenderis,
856 2713 936 2769 quidni
952 2713 1034 2758 iicebit
1047 2726 1187 2770 exponere:

181 2781 291 2839 „Omnis
309 2794 370 2827 roso
390 2796 465 2842 quum
474 2777 552 2839 sactu
563 2781 599 2825 sit
615 2780 646 2825 de
658 2794 749 2827 cruore
767 2807 777 2817 ·
796 2806 806 2818 ·
824 2795 880 2825 eum
895 2796 944 2826 noa
958 2781 1063 2841 pudebit
1077 2784 1190 2830 solaer'e’²

181 2849 250 2898 cet?
286 2853 355 2910 Quod
381 2852 525 2919 Longperne
550 2856 573 2896 et
588 2850 701 2896 Morbius
719 2858 893 2907 reposuerunt:
922 2851 998 2898 Ueido
1015 2855 1110 2900 murita
1125 2852 1190 2898 nodo

179 2934 282 2979 prorsus
300 2923 405 2967 otiosum
426 2927 472 2967 est.
514 2920 564 2966 Nee
579 2934 637 2966 uero
655 2935 709 2965 cnm
727 2923 833 2967 Salmas.
857 2928 881 2967 et
899 2924 970 2968 Anat.
989 2922 1073 2968 Wolfii
1095 2926 1190 2969 murita

180 3006 227 3049 pro
244 2993 353 3037 voeativo
371 2991 512 3036 habendum.
550 2986 714 3050 (2⁹)1tpr0
732 2989 765 3035 Et
781 2991 849 3047 Lips.
869 2995 1017 3039 coniectura.
1054 2993 1102 3039 Est
1122 2995 1189 3038 vote·

181 3062 299 3107 batPith.
336 3058 392 3120 (32)
410 3060 493 3106 nudus
510 3061 574 3105 Pith.
595 3073 640 3116 pro
657 3061 717 3105 Cdd.
731 3059 811 3106 nudos
824 3067 847 3107 et
858 3061 948 3108 durus.
984 3059 1047 3124 (it)
1064 3084 1097 3100 -
1114 3077 1189 3124 nym-

178 3129 264 3190 puae,
283 3138 366 3177 curete
387 3145 447 3190 quae
465 3133 560 3190 vulgata
578 3134 615 3173 est
635 3132 706 3175 tertio
724 3136 807 3177 eontra
832 3137 959 3190 utrumque
980 3134 1110 3189 Codicum,
1131 3147 1189 3179 casu

182 3204 305 3246 dumtaxat
327 3207 381 3249 osta
397 3204 491 3247 videtur
512 3202 536 3246 in
559 3200 643 3244 Bandii
661 3199 795 3245 timoribus
814 3216 838 3257 p.
860 3200 919 3248 tut.
963 3200 1016 3258 (35)
1035 3204 1096 3248 Cdd.
1117 3204 1189 3250 tectio

181 3271 288 3317 inermis
314 3285 368 3316 anm
394 3272 506 3317 Schulzio
525 3273 558 3316 ita
578 3272 714 3326 exponenda
738 3273 797 3317 erit:
829 3273 923 3327 „Amor
943 3273 1064 3328 inermis,
1095 3275 1189 3331 qnando

182 3343 259 3386 nudus
274 3346 324 3396 est,
344 3340 394 3399 (-
410 3344 453 3387 sed
470 3342 494 3387 in
515 3341 553 3386 his
572 3341 653 3386 inesse
668 3343 734 3385 vides
754 3340 971 3407 ταυτολογίαν)
989 3349 1054 3388 totns
1075 3344 1140 3390 idem
1153 3348 1191 3390 est

182 3411 277 3465 Amor,
309 3424 382 3468 quum
405 3414 497 3457 scilieet
516 3425 610 3455 summa
626 3425 669 3455 sna
695 3412 870 3466 pulchritudine
896 3418 933 3469 (et
952 3416 975 3458 vi
994 3412 1092 3475 insita),
1117 3416 1190 3458 etiam

183 3487 240 3537 post
261 3493 329 3525 arma
350 3481 442 3527 abiecta
463 3483 536 3527 eorda
560 3482 682 3526 homiuum
700 3484 809 3527 vulneret
830 3488 901 3540 atque
918 3484 1039 3530 incendat.
1074 3485 1190 3543 Vnigasis

184 3565 199 3595 a
214 3550 317 3596 Pithoeo
338 3553 442 3607 primum
457 3553 590 3610 excogitata
613 3552 684 3596 teatio
703 3550 782 3597 Totus
803 3558 841 3597 est
860 3553 887 3597 in
908 3556 989 3598 nemis
1007 3553 1074 3598 idem
1091 3558 1191 3611 propter

183 3621 315 3675 spondeum
333 3623 404 3667 tertia
422 3624 479 3668 sede
497 3611 602 3677 positum
613 3621 672 3666 ferri
692 3636 739 3666 non
758 3622 862 3677 potest.’'
896 3624 971 3670 iieete
992 3637 1063 3670 veno:
1082 3639 1137 3668 nam
1154 3624 1190 3667 vi-

183 3692 218 3735 tia
240 3691 339 3736 metrica
367 3694 405 3737 vei
431 3692 547 3738 mediocri
564 3692 634 3736 istius
656 3693 741 3737 aetatis
768 3696 854 3748 poetae
876 3695 940 3738 ultro
957 3695 1048 3739 inferre
1070 3707 1191 3752 nunquam

182 3759 307 3805 debemus.
352 3763 401 3808 Sed
418 3763 553 3807 Seriverius
568 3763 606 3807 vei
623 3761 698 3818 ipsius
723 3764 807 3812 poetae
826 3777 922 3808 manum
939 3766 1059 3819 restituit,
1078 3766 1140 3822 quod
1158 3764 1189 3806 ti·

181 3830 277 3874 bentius
295 3830 404 3887 equidem
422 3834 547 3878 crederem
570 3844 713 3889 quamquain
739 3834 905 3878 traiectionum
929 3835 1054 3890 inimicus,
1078 3837 1131 3887 ret,
1166 3836 1192 3875 ut

109 3910 112 3913 ·
184 3900 305 3945 Bentleins
323 3900 360 3945 bis
381 3906 447 3947 terve
469 3903 596 3947 Horatium
618 3901 715 3957 ipsum,
746 3903 807 3947 hune
835 3909 944 3948 nostruin
969 3906 1078 3949 correxit
1098 3913 1189 3958 propo-

184 3983 260 4015 nens:
280 3966 328 4015 Est
341 3971 369 4015 in
386 3971 467 4016 ermis
481 3978 547 4018 totus
564 3971 648 4026 Mem,
668 3970 767 4031 quando
780 3971 863 4020 nudus
875 3981 913 4020 sst
923 3973 1009 4019 Amor.
1045 3975 1111 4039 *naec
1125 3973 1189 4017 enim
