2864 4622
1103 315 1163 379 idi

232 463 280 528 V.
303 457 559 546 Freibergensis,
581 456 721 547 incertae
735 453 856 532 aetatis,
873 454 963 519 enim
979 436 1128 520 lectiones
1149 476 1167 518 a

170 566 241 633 viro
253 566 395 650 'quodam
417 564 514 626 docto
533 560 777 624 Schwarzianae
796 557 923 622 editioni
946 558 1119 642 adscriptas
1136 569 1168 623 et

170 691 188 733 a
214 664 479 750 Spaugeubergio
508 685 577 725 cum
603 661 762 725 Seebodio
784 663 831 723 V.
855 660 896 726 C.
920 662 1166 725 communicatas

169 771 221 835 hie
248 767 382 832 inseruit
414 765 633 831 Miscellaneis
662 764 750 827 suris:
794 767 926 845 (Neues
949 765 1076 828 Archiv
1090 763 1168 855 fui·

63 856 66 869 Α
169 870 360 955 Philologie
397 871 429 933 2.
453 870 638 952 Jaurgcng
664 856 829 957 Mese.
860 889 937 951 pag.
962 868 1035 931 125.
1059 870 1167 952 seqq.)

168 976 272 1041 Nobis
296 976 334 1039 F.
912 1030 915 1038 .

233 1078 295 1143 vl.
318 1072 487 1140 Siciliensis
501 1095 571 1138 cum
587 1072 763 1138 Scholiasta
779 1084 810 1135 et
824 1070 1097 1156 figurinincertae
1107 1092 1167 1135 ‘ae-

95 1252 101 1257 ,
170 1181 256 1244 tatis.
299 1180 450 1243 Fortasse
470 1177 563 1240 etiam
586 1196 669 1238 nunc
688 1175 840 1241 Panormi
864 1186 966 1239 exstat
991 1174 1022 1236 in
1051 1174 1167 1238 biblio·

171 1286 262 1347 theca
285 1282 437 1356 Senatus,
468 1301 564 1364 quum
588 1277 803 1361 Goettlingius
825 1279 872 1342 V.
896 1277 938 1343 C.
961 1277 1167 1340 mihi-narra·

171 1386 230 1462 rit,
254 1383 299 1448 ibi
324 1405 342 1447 a
363 1405 397 1447 se
418 1381 487 1448 visa
510 1402 579 1445 esse
607 1379 772 1446 Ciceronis
790 1381 923 1445 Aratea.
966 1381 1070 1444 Huius
1089 1381 1167 1443 fido·

170 1489 201 1551 le
216 1488 381 1551 admodum
400 1485 537 1552 ἔκτυπον
557 1483 683 1549 videtur
701 1484 810 1547 Editio
828 1483 975 1566 princeps
993 1505 1010 1547 a
1031 1484 1166 1549 Victore

171 1589 293 1657 Pisano
319 1589 388 1654 sive
415 1588 523 1673 potius
556 1587 622 1652 eius
653 1592 862 1671 praeceptore
893 1587 1040 1673 Georgio
1071 1572 1212 1650 Valla'

171 1704 299 1759 curata:

232 1796 318 1872 „Hie
340 1798 445 1861 codex
472 1793 587 1860 avienii
612 1792 755 1858 continet
783 1782 989 1878 epigramma.
1025 1792 1167 1858 eiusdem

173 1899 254 1964 arati
270 1901 486 1984 phaenomena
500 1896 728 1984 geographiam
745 1896 883 1960 carmine
901 1895 1034 1961 heroico
1047 1908 1078 1968 et
1093 1918 1167 1960 oras

173 2003 342 2069 maritimas
359 2003 503 2066 trimetro
521 1999 671 2064 iambico.
686 1999 858 2085 germanici
874 2020 1001 2084 quoque
1019 2011 1051 2064 et
1070 1996 1167 2061 marri

172 2106 240 2170 eutii
261 2106 336 2188 (sic)
358 2105 437 2168 arati
464 2103 640 2188 fragmenta
668 2113 700 2166 et
730 2102 842 2167 Sereni
863 2101 974 2167 versus
1006 2104 1044 2166 de
1071 2101 1167 2180 variis

172 2209 315 2274 curandis
338 2206 493 2272 morbis.”
556 2292 559 2299 ¹

234 2313 473 2397 pag.'penult.:
502 2302 578 2374 Hoc
607 2330 688 2393 opus
715 2308 903 2392 impressum
928 2307 1072 2372 Venetiis
1098 2320 1166 2372 arte

173 2427 207 2480 et
229 2414 356 2500 ingenio
378 2413 511 2479 Antonii
534 2416 573 2476 de
598 2424 695 2476 strata
715 2412 951 2478 Cremonensis.
994 2414 1090 2477 Anno
1115 2435 1167 2475 sa-

172 2520 258 2582 lutis.
281 2520 603 2582 M.ceccnxxxv111.
628 2529 744 2580 octavo
773 2517 918 2580 calendas
940 2516 1164 2581 novembres.''

133 2704 141 2709 Α
172 2622 261 2703 (Cir.
283 2622 387 2685 Ebert
407 2623 452 2684 N.
476 2621 572 2683 1448.
595 2620 679 2683 Hain
702 2622 746 2683 N.
770 2621 879 2699 2224.)
1169 2614 1176 2625 Χ

234 2725 310 2788 Fol.
332 2726 367 2787 h.
390 2725 638 2808 „Fragmentum
657 2722 737 2785 arati
759 2724 1000 2805 phaenomenou
1019 2743 1078 2804 per
1092 2742 1166 2806 ger-

82 2849 87 2861 ’
163 2828 323 2910 *monicum
343 2827 377 2889 in
397 2826 525 2890 latinum
547 2826 695 2890 conversi
721 2847 792 2888 cum
811 2837 988 2889 commento
1012 2846 1114 2907 nuper
1133 2825 1166 2887 in

172 2931 270 2994 sicilia
290 2928 486 3013 repertum.”
528 2930 620 3009 Hanc
639 2927 826 3006 editionem,
849 2949 943 3013 quiam
958 2927 1026 3011 ipse
1046 2928 1163 3003 habeo,
1272 2960 1275 2965 f

172 3033 197 3097 ni
222 3033 294 3099 navi
316 3034 358 3097 P.

64 3121 70 3153 ³
200 3056 302 3199 gIam
321 3157 384 3198 uno
407 3144 581 3217 conspectu
597 3135 841 3208 demonstrabo,
875 3134 950 3219 quid
971 3156 1041 3209 curn
1058 3145 1166 3197 nostra

114 3242 119 3249 ’
172 3236 355 3313 recensione
377 3235 485 3302 collati
503 3247 533 3298 et
550 3238 725 3316 praebeant
746 3248 777 3299 et
793 3235 938 3300 omittant
955 3235 1060 3312 Cdd.,
1084 3258 1208 3320 quosx
1261 3311 1264 3316 ¹

172 3339 241 3421 ipse
269 3338 363 3415 trivi,
387 3341 438 3417 A,
462 3340 510 3416 Β,
533 3336 562 3402 Ε
585 3351 616 3401 et
647 3338 755 3402 Editio
786 3338 934 3422 princeps
959 3339 1027 3404 sive
1051 3339 1177 3405 Codex·

174 3440 354 3506 Siciliensis.
1206 3448 1212 3462 ¹
