2834 4630
257 299 299 363 22

258 440 382 525 Plagae
401 452 591 523 supersunt,
614 444 726 506 desunt
748 442 825 513 mibi
846 438 984 514 cibaria;

189 608 194 619 ,
259 541 402 608 Subinde
425 547 466 607 ad
483 543 592 608 villam
615 545 726 611 mittor
748 545 814 610 sine
838 543 983 607 viatieor
1022 558 1024 564 ’

259 644 359 710 Domi
380 644 409 710 si
432 659 564 724 coenat,
586 648 664 713 totis
686 659 799 732 persto
820 648 990 721 noctibus;
1059 674 1068 691 ·

260 747 337 813 Sive
358 761 405 813 est
427 761 580 826 vocatus,
602 750 694 815 iaceo
715 755 756 814 ad
776 752 879 817 lucem
900 750 934 817 in
951 745 1079 812 semita.

260 851 393 916 Emerui
412 852 612 929 libertatem,
637 875 733 917 canus
755 854 878 919 servio.
1211 848 1251 913 10

259 953 364 1019 Ullius
384 976 484 1019 essem
508 955 620 1038 eulpae
643 957 720 1020 mihi
741 956 769 1020 si
789 957 955 1033 conscius,

257 1056 377 1142 Aequo
398 1056 506 1122 animo
528 1059 666 1122 serrem:
690 1082 850 1146 nunquam
871 1084 939 1124 sum
960 1059 1064 1124 faetus
1087 1065 1175 1118 satur

230 1182 234 1191 ’
258 1160 303 1223 Et
324 1181 421 1244 super
440 1158 554 1225 infelix
576 1184 705 1227 saevum
723 1165 832 1246 patior
850 1162 1044 1237 dominium.

259 1262 330 1326 Has
351 1275 622 1346 proptercausas
643 1277 675 1329 et
694 1288 773 1352 quas
794 1266 928 1352 longum
951 1276 1000 1329 est
1017 1281 1190 1347 promere,

259 1363 366 1429 Abire
387 1365 561 1444 destinavi,
584 1391 649 1453 quo
671 1369 802 1434 tulerint
822 1372 933 1452 pedes.
1207 1363 1248 1425 15

259 1469 374 1551 Ergo,
396 1466 517 1554 iuquit,
539 1469 631 1535 audi:
654 1493 752 1558 quum
775 1468 849 1536 mali
868 1472 914 1534 nil
936 1467 1070 1546 feceris,
1105 1556 1109 1562 η

258 1570 351 1634 Haeo
373 1570 552 1654 experiris,
575 1583 610 1636 ut
632 1573 754 1650 refers,
776 1573 1004 1639 incommoda:

261 1669 350 1755 Quid
371 1669 398 1736 si
419 1671 589 1754 peccaris?
612 1696 692 1761 quae
716 1687 748 1739 te
767 1697 935 1759 passurum
953 1673 1070 1759 putas?

261 1771 335 1838 Tali
358 1771 497 1841 consilio
518 1785 566 1840 est
588 1797 606 1838 a
627 1776 706 1863 luga
725 1778 910 1850 deterritus.

661 2004 759 2065 [ras.
779 2006 853 2068 xm]

295 2073 298 2077 ⁵
324 2122 477 2206 nouus
501 2124 823 2206 ouauuronms
849 2127 900 2190 uu
922 2122 1186 2196 risunmnm

580 2230 924 2296 VENUMDATUS.

375 2360 529 2423 Ferendum
547 2387 607 2422 esse
626 2389 714 2442 aequo
733 2377 826 2424 animo
847 2370 977 2443 quiequid
993 2367 1138 2423 acciderit.

303 2502 431 2589 Equum
452 2523 469 2565 e
490 2500 646 2587 quadriga
668 2503 773 2565 multis
798 2501 913 2585 palmis
935 2499 1083 2570 nobilem

200 2675 204 2693 ι
262 2605 386 2691 Abegit
408 2604 537 2691 quidam
559 2617 592 2669 et
610 2604 643 2671 in
664 2605 832 2688 pistrinum
851 2602 1007 2667 vendidit.

262 2709 450 2774 Productus
473 2708 707 2772 adhibendum
729 2729 826 2792 quum
847 2707 935 2770 soret
957 2728 976 2771 a
998 2704 1111 2781 molis,
1168 2740 1172 2746 ·

241 2809 303 2875 vIn
324 2809 446 2874 circum
469 2811 616 2897 aequales
637 2809 685 2873 ire
708 2809 878 2893 conspexit
900 2831 996 2886 snos,

264 2913 311 2980 Ut
332 2925 425 3000 grata
445 2913 528 2977 ludis
548 2916 718 2983 redderent
742 2912 927 2976 certamina.

264 3016 426 3081 Lacrimis
449 3015 594 3092 obortis,
617 3018 667 3081 Ite
688 3015 816 3093 felices,
841 3015 900 3092 ait,

266 3119 438 3185 Celebrate
459 3118 526 3184 sine
548 3141 598 3189 me
625 3141 720 3183 eursu
740 3119 924 3187 sollemnem
948 3116 1050 3191 diem:

265 3225 342 3308 Ego
365 3245 430 3309 quo
453 3223 586 3287 scelesta
609 3221 690 3289 furis
711 3222 845 3285 attraxit
866 3243 992 3298 manus,
1077 3212 1096 3301 ¹,

265 3325 318 3390 Ibi
337 3337 427 3390 sorte
450 3324 537 3393 tristi
559 3326 624 3388 sata
644 3325 771 3397 deflebo
794 3347 875 3397 mea.

155 3633 163 3641 .
266 3572 368 3666 querela
385 3607 442 3652 Vnt.
460 3605 535 3662 Neap.
573 3600 610 3661 (9)
630 3604 685 3651 Sive
704 3610 743 3650 eet
757 3600 822 3665 rou]
841 3605 863 3650 l.
882 3604 912 3649 C.
929 3606 960 3651 Z.
982 3627 1010 3637 -
1031 3603 1087 3650 Sira
1108 3610 1180 3651 aestu
1199 3617 1251 3650 roe.

266 3678 322 3723 Vat.
343 3675 420 3731 Neup.
468 3673 525 3734 (13)
543 3673 691 3734 dominium]
710 3677 750 3720 Sic
768 3676 864 3732 scripsi.
896 3698 926 3718 —
956 3673 1085 3720 dominnm
1100 3676 1157 3720 Vat.
1175 3674 1251 3731 Neup.

266 3744 320 3802 (ll)
336 3743 463 3804 promere]
481 3747 551 3800 „Hor
569 3760 622 3789 roe.
636 3748 704 3790 deest
721 3747 743 3789 in
758 3744 818 3789 Cod.
839 3747 911 3799 Vnt,
930 3745 1061 3793 obscurum
1076 3744 1252 3813 estinollleap!

266 3817 327 3860 Mn.
365 3813 422 3872 (16)
441 3814 489 3869 nil]
507 3817 527 3860 1.
548 3817 577 3859 Z.
598 3840 630 3848 -
649 3813 715 3861 nituit
732 3817 788 3860 vm.
807 3814 882 3870 Neap.

319 3887 379 3930 Fra.
400 3885 460 3929 XX.
498 3883 537 3943 (l)
556 3899 569 3929 e
587 3884 825 3945 qnadrignlssnrm
846 3885 865 3933 Ι.
886 3884 915 3929 C.
936 3886 966 3929 Z.
996 3910 1028 3920 —
1056 3891 1080 3929 et
1100 3884 1252 3949 quadrigam

263 3959 319 4001 Vnt.
338 3955 413 4013 Neap.
452 3953 488 4012 (8)
507 3965 545 4002 oto
563 3957 742 4000 obseruator.
758 3956 787 4001 Z.
1013 3966 1015 3985 ³
1123 3972 1132 3984 ·
